<?xml version='1.0' encoding='UTF-8'?>
<collection xmlns="http://www.loc.gov/MARC21/slim"><record><leader>01435npda 2200229 i 4500</leader><controlfield tag="001">GB 3600 MAC/1/86</controlfield><controlfield tag="003">Archival Reference Code</controlfield><controlfield tag="008">230119i19471980enk           0000||eng|d</controlfield><datafield tag="024" ind1="7" ind2=" "><subfield code="a">GB 3600 MAC/1/86</subfield><subfield code="2">Archival Reference Code</subfield></datafield><datafield tag="040" ind1=" " ind2=" "><subfield code="a">UkSoSU</subfield><subfield code="b">eng</subfield><subfield code="c">UkSoSU</subfield></datafield><datafield tag="100" ind1="1" ind2=" "><subfield code="a">Mackie, Philip</subfield></datafield><datafield tag="245" ind1="1" ind2="0"><subfield code="a">Miscellaneous Articles, Notes, and Professional Papers</subfield></datafield><datafield tag="264" ind1=" " ind2="0"><subfield code="c">1947 - 1980</subfield></datafield><datafield tag="300" ind1=" " ind2=" "><subfield code="a">7 items</subfield></datafield><datafield tag="505" ind1="8" ind2=" "><subfield code="a">Detailed contents: A copy of Monthly Review, published by the Central Office of Information: Films Division, from August 1947, containing Mackie's article Production History of a C.O.I. Film. -- Television plays: subject and treatment, which appears to be workshop material prepared by Philip Mackie for TV Writers School. It contains a brief biography of Mackie, a discussion of the nature of TV writing, and practical exercises. It is accompanied by a letter from the TV Writers School (dated 22 June 1960) asking Mackie to produce lesson material, and by similar material, already used by the school, written by Arthur Swinson. -- An untitled critique of The Man with the Movie Camera, a Ukrainian silent documentary film, directed by Dziga Vertov, 1929. -- Notes on the supernatural, taken from books including Strange Powers and The Occult by Colin Wilson. -- An arbitration by Mackie, on behalf of the Writers' Guild of Great Britain, of a dispute about screen-writing credits for the 1976 film Crime and Passion, whose earlier title was An Ace Up My Sleeve. -- An article for the TV Times, written December 1980, introducing his series Cover.</subfield></datafield><datafield tag="520" ind1="2" ind2=" "><subfield code="a">Miscellaneous articles, notes, and professional papers by Philip Mackie.</subfield></datafield><datafield tag="541" ind1=" " ind2=" "><subfield code="c">Gift;</subfield><subfield code="a">Philip Mackie's daughter, Barbara Mackie;</subfield><subfield code="d">2006</subfield></datafield><datafield tag="590" ind1=" " ind2=" "><subfield code="Q">&lt;a href="https://www.imdb.com/title/tt0072600/" target="_blank"&gt;IMDB page for Crime and Passion (1976)&lt;/a&gt;</subfield><subfield code="2">UkSoSU Primo VE display field</subfield></datafield><datafield tag="590" ind1=" " ind2=" "><subfield code="W">Held in boxes 126, 128, 149, and an unnumbered box labelled Finances 76.</subfield><subfield code="2">UkSoSU Primo VE display field</subfield></datafield><datafield tag="590" ind1=" " ind2=" "><subfield code="Q">&lt;a href="https://archiveshub.jisc.ac.uk/data/gb3600-mac/mac/1/86" target="_blank"&gt;Archives Hub record for this item&lt;/a&gt;</subfield><subfield code="2">UkSoSU Primo VE display field</subfield></datafield><datafield tag="700" ind1="1" ind2=" ">
    <subfield code="a">Swinson, Arthur</subfield>
  </datafield>
  </record>