<record><leader>01435npda 2200229 i 4500</leader><controlfield tag="001">GB 3600 MAC/1/50</controlfield><controlfield tag="003">Archival Reference Code</controlfield><controlfield tag="008">230119i19521982enk           0000||eng|d</controlfield><datafield tag="024" ind1="7" ind2=" "><subfield code="a">GB 3600 MAC/1/50</subfield><subfield code="2">Archival Reference Code</subfield></datafield><datafield tag="040" ind1=" " ind2=" "><subfield code="a">UkSoSU</subfield><subfield code="b">eng</subfield><subfield code="c">UkSoSU</subfield></datafield><datafield tag="100" ind1="1" ind2=" "><subfield code="a">Mackie, Philip</subfield></datafield><datafield tag="245" ind1="1" ind2="0"><subfield code="a">Miscellaneous Ideas</subfield></datafield><datafield tag="264" ind1=" " ind2="0"><subfield code="c">1952 - 1982</subfield></datafield><datafield tag="300" ind1=" " ind2=" "><subfield code="a">1 box plus several scattered items</subfield></datafield><datafield tag="505" ind1="8" ind2=" "><subfield code="a">Contents include: Outline and Synopses for a film, As Good as a Feast, by Philp Mackie and J. C. Sheers. -- Story Outline for The Missing Aunt, by John Brabourne. -- Synopsis for a film about Dr. Barnado, sent by Mackie with covering letter to Ursula Winant. [There are also notes on Barnardo in a notebook in box 143.] -- Suggestions for the format of Alec Guiness Theatre, apparently a proposed series of teleplays, drafted by Mackie in 1957. -- Typewritten notes from a writing course held in 1957 by the British Screen &amp;amp; Television Writers Association. The notes appear to have been distributed at the course. -- Four typewritten pages of suggestions for potential US TV shows drafted by Mackie in 1952. -- Typewritten draft treatments for a feature film entitled Fog, or Fog Warning by Mackie and John Haggarty. -- Outline of a story called The Brain, by Mackie. -- Notes by Mackie for an updated and anglicized version of the French Robert Macaire stories. -- Notes and draft script for a play titled variously, The Room or The Guilty. -- Typewritten script for The Fisherman's Wife, by Mackie based on a story by the brothers Grimm. -- Synopsis of a film entitled Down River by Mackie. -- Letter dated 11 July 1955 from Mackie to Benjamin Fisz of Golden Era films offering suggested improvements to the scrip and story of Hell Drivers, which was eventually produced by Fisz in 1957, apparently without incorporating Mackie's suggestions. -- A treatment for a film version of John Wyndham's The Day of the Triffids prepared by Mackie and Alvin Rakoff, with a covering letter from Kaydor Productions returning the typescript. -- Notes on the novel Jubb by Keith Waterhouse, evidently with a view to turning it into a drama of some sort, in a notebook. [In box 143]. -- Correspondence (1976) between Mackie and Taurus Film relating to a grand project dealing with the European Renaissance. [In box 126]. -- Correspondence (1979) between Mackie and Hollandia Filmprodukties relating to a proposed TV series abut Han Van Meeregen, the Dutch painter and forger. Included is a treatment for the series by Samuel Meijering [In box 127] -- Correspondence (1976-1982) between Mackie and Peter Hopkinson relating to a series about the English in Malaysia, variously titled Blood Count, Samarang, and The Eagle and the Dragon. Included are various synopses and treatments. [In boxes 126 - 128] -- Correspondence and a synopsis for a teleplay called False Witness, which is intended as part of the Armchair Thriller series. -- Correspondence relating to a potential teleplay about Diaghilev. [In box 127]. -- A letter from Michael Ashe (1982) detailing several 'notions', i.e., plot outlines, for the series Hourglass Thrillers that he was trying to put together. [In box 128] -- A letter from Ian Warren (1981) discussing the possibility of Mackie working on a series to be called Butterfly Bay, or, The Last Resort. Included is a bible for the series by Rick Searle. [In box 128] -- Letters from Colin Shindler (1984) about Mackie writing for a mini-series called Maximilian in Mexico. Included is a treatment for the series, written by Shindler. [In box 129]. -- Letter from Stephen Ujlaki, HBO, (1983) about Mackie writing for a series set in Palestine a few years after the death of Jesus, provisionally titled The Inquiry. Included is a synopsis of the series, dated February 1982. [In box 129] -- Correspondence with Charles Bloch (1985) about Mackie writing a film version of the Vincent Cosgrove novel The Hemmingway Papers. Included are Mackie's notes on the project and a summary of the story from Bloch. [In box 130]</subfield></datafield><datafield tag="520" ind1="2" ind2=" "><subfield code="a">Papers relating to various ideas for films, novels, etc. by Mackie.</subfield></datafield><datafield tag="541" ind1=" " ind2=" "><subfield code="c">Gift;</subfield><subfield code="a">Philip Mackie's daughter, Barbara Mackie;</subfield><subfield code="d">2006</subfield></datafield><datafield tag="590" ind1=" " ind2=" "><subfield code="W">Held in boxes 82, 126-130, 143.</subfield><subfield code="2">UkSoSU Primo VE display field</subfield></datafield><datafield tag="590" ind1=" " ind2=" "><subfield code="Q">&lt;a href="https://archiveshub.jisc.ac.uk/data/gb3600-mac/mac/1/50" target="_blank"&gt;Archives Hub record for this item&lt;/a&gt;</subfield><subfield code="2">UkSoSU Primo VE display field</subfield></datafield><datafield tag="700" ind1="1" ind2=" ">
    <subfield code="a">Rakoff, Alvin</subfield>
  </datafield>
  <datafield tag="700" ind1="1" ind2=" ">
    <subfield code="a">Brabourne, John</subfield>
  </datafield>
  <datafield tag="700" ind1="1" ind2="0">
    <subfield code="a">Sheers, James C.</subfield>
  </datafield>
  <datafield tag="700" ind1="1" ind2=" "><subfield code="a">Haggarty, John</subfield></datafield><datafield tag="710" ind1="2" ind2=" "><subfield code="a">British Screen and Television Writers Association</subfield></datafield><datafield tag="700" ind1="1" ind2=" ">
    <subfield code="a">Shindler, Colin,</subfield>
    <subfield code="d">1949-</subfield>
  </datafield>
  </record>