<record><leader>01435npda 2200229 i 4500</leader><controlfield tag="001">GB 3600 MAC/1/85</controlfield><controlfield tag="003">Archival Reference Code</controlfield><controlfield tag="008">230119i19501954enk           0000||eng|d</controlfield><datafield tag="024" ind1="7" ind2=" "><subfield code="a">GB 3600 MAC/1/85</subfield><subfield code="2">Archival Reference Code</subfield></datafield><datafield tag="040" ind1=" " ind2=" "><subfield code="a">UkSoSU</subfield><subfield code="b">eng</subfield><subfield code="c">UkSoSU</subfield></datafield><datafield tag="100" ind1="1" ind2=" "><subfield code="a">Mackie, Philip</subfield></datafield><datafield tag="245" ind1="1" ind2="0"><subfield code="a">Miscellaneous Short Stories</subfield></datafield><datafield tag="264" ind1=" " ind2="0"><subfield code="c">Approximately 1950 - 1954</subfield></datafield><datafield tag="300" ind1=" " ind2=" "><subfield code="a">3 boxes</subfield></datafield><datafield tag="505" ind1="8" ind2=" "><subfield code="a">Detailed contents: A copy of Modern Woman, April 1950, containing the Mackie story If It's a Boy. -- A copy of John Bull, July 24 1954, containing the Mackie story Gino, We Love You. Also, part of The Star Weekly, Toronto, October 30, 1954, where the same story is printed as The Second Engineer. -- There are also two boxes of short stories in typescript form: - Donovan -- A Helping Hand -- Lady of Leisure -- Piano and Drums -- He was Her Man -- Death in the Long Night -- Right of Way -- Come to the Ball -- Mulliner -- Beauty Queen -- Going to the Huts -- Twenty-One -- A Change for Us Both -- Miss Smith -- Party Line -- The Oleander Tree -- The Best of Friends, -- A Wife for Bernard -- A Very Special Woman -- I Love Everybody -- The Language Problem -- If it is a Boy -- The Man without a Heart -- What Do You Think -- Someone to Talk to -- Good Night, Sweet Prince -- Temper -- In addition there are two short stories that appear to be by Cynthia Mackie, Philip Mackie's wife. One has the first page missing, but the other is called The Exhibition, and labelled "C. Mackie, April 1999."</subfield></datafield><datafield tag="520" ind1="2" ind2=" "><subfield code="a">Miscellaneous short stories by Philip Mackie.</subfield></datafield><datafield tag="541" ind1=" " ind2=" "><subfield code="c">Gift;</subfield><subfield code="a">Philip Mackie's daughter, Barbara Mackie;</subfield><subfield code="d">2006</subfield></datafield><datafield tag="590" ind1=" " ind2=" "><subfield code="W">Held in box 149, new box 1 and 2, and box 86.</subfield><subfield code="2">UkSoSU Primo VE display field</subfield></datafield><datafield tag="590" ind1=" " ind2=" "><subfield code="Q">&lt;a href="https://archiveshub.jisc.ac.uk/data/gb3600-mac/mac/1/85" target="_blank"&gt;Archives Hub record for this item&lt;/a&gt;</subfield><subfield code="2">UkSoSU Primo VE display field</subfield></datafield><datafield tag="700" ind1="1" ind2=" "><subfield code="a">Mackie, Cynthia</subfield></datafield></record>