<record><leader>01435npda 2200229 i 4500</leader><controlfield tag="001">GB 3600 MAC/1/84</controlfield><controlfield tag="003">Archival Reference Code</controlfield><controlfield tag="008">230119i19491954enk           0000||eng|d</controlfield><datafield tag="024" ind1="7" ind2=" "><subfield code="a">GB 3600 MAC/1/84</subfield><subfield code="2">Archival Reference Code</subfield></datafield><datafield tag="040" ind1=" " ind2=" "><subfield code="a">UkSoSU</subfield><subfield code="b">eng</subfield><subfield code="c">UkSoSU</subfield></datafield><datafield tag="100" ind1="1" ind2=" "><subfield code="a">Mackie, Philip</subfield></datafield><datafield tag="245" ind1="1" ind2="0"><subfield code="a">Miscellaneous Verse</subfield></datafield><datafield tag="264" ind1=" " ind2="0"><subfield code="c">1949 - 1954</subfield></datafield><datafield tag="300" ind1=" " ind2=" "><subfield code="a">30 items (approx.)</subfield></datafield><datafield tag="505" ind1="8" ind2=" "><subfield code="a">Detailed contents: Copies of Letters to Licensees from 1949, one of which contains a poem by Mackie. -- Copies of A Monthly Bulletin: a magazine representing the determination inside and outside the brewing industry to improve public houses, and to maintain an adequate licensing law from 1949 to 1954, with gaps and duplicates. Each issue has a poem on the back page by "P. M.", presumably Philip Mackie.</subfield></datafield><datafield tag="520" ind1="2" ind2=" "><subfield code="a">Miscellaneous verse by Philip Mackie.</subfield></datafield><datafield tag="541" ind1=" " ind2=" "><subfield code="c">Gift;</subfield><subfield code="a">Philip Mackie's daughter, Barbara Mackie;</subfield><subfield code="d">2006</subfield></datafield><datafield tag="590" ind1=" " ind2=" "><subfield code="W">Held in box 149</subfield><subfield code="2">UkSoSU Primo VE display field</subfield></datafield><datafield tag="590" ind1=" " ind2=" "><subfield code="Q">&lt;a href="https://archiveshub.jisc.ac.uk/data/gb3600-mac/mac/1/84" target="_blank"&gt;Archives Hub record for this item&lt;/a&gt;</subfield><subfield code="2">UkSoSU Primo VE display field</subfield></datafield></record>