<record><leader>01435npda 2200229 i 4500</leader><controlfield tag="001">GB 3600 MAC/1/27</controlfield><controlfield tag="003">Archival Reference Code</controlfield><controlfield tag="008">230119i19561973enk           0000||eng|d</controlfield><datafield tag="024" ind1="7" ind2=" "><subfield code="a">GB 3600 MAC/1/27</subfield><subfield code="2">Archival Reference Code</subfield></datafield><datafield tag="040" ind1=" " ind2=" "><subfield code="a">UkSoSU</subfield><subfield code="b">eng</subfield><subfield code="c">UkSoSU</subfield></datafield><datafield tag="100" ind1="1" ind2=" "><subfield code="a">Mackie, Philip</subfield></datafield><datafield tag="245" ind1="1" ind2="0"><subfield code="a" ind2="2">A Death in the Family, or, The Key of the Door</subfield></datafield><datafield tag="264" ind1=" " ind2="0"><subfield code="c">1956 - 1973</subfield></datafield><datafield tag="300" ind1=" " ind2=" "><subfield code="a">5 boxes</subfield></datafield><datafield tag="505" ind1="8" ind2=" "><subfield code="a">Detailed contents: Box 41: A copy of A Death in the Family camera script (with details of BBC transmission schedules - October 1956). -- Two copies of " The Key of the Door: dialogue treatment for a feature film", written by Mackie in 1961. -- Two undated typewritten scripts. -- Alterations and revisions of The key of the Door by Mackie, with a cover letter written to the director Alan Bridges on 3 Feb 1965, discussing a new version. -- A 1973 copy of the draft screenplay titled A Death in the Family (Or, The Key of the Door). -- Box 91: an undated script of the screenplay of The Key of the Door). -- Box 131, 141 &amp;amp; 147: Copies of A Death in the Family - camera scripts (with details of BBC transmission schedules - 19th October 1956). -- Box 141: A copy of what appears to be an earlier draft script (dated 12 August 1956) and titled A Death in the Family (98 pages)</subfield></datafield><datafield tag="520" ind1="2" ind2=" "><subfield code="a">Papers relating to A Death in the Family, a 1956 BBC TV screenplay, and its later versions (there was a 1959 stage version called The Key of the Door ), including re-workings for a feature film version that appears never to have been made.</subfield></datafield><datafield tag="541" ind1=" " ind2=" "><subfield code="c">Gift;</subfield><subfield code="a">Philip Mackie's daughter, Barbara Mackie;</subfield><subfield code="d">2006</subfield></datafield><datafield tag="590" ind1=" " ind2=" "><subfield code="Q">&lt;a href="https://www.imdb.com/title/tt1117702" target="_blank"&gt;IMDB page for A Death in the Family&lt;/a&gt;</subfield><subfield code="2">UkSoSU Primo VE display field</subfield></datafield><datafield tag="590" ind1=" " ind2=" "><subfield code="W">Held in boxes 41, 91, 131, 141, 147</subfield><subfield code="2">UkSoSU Primo VE display field</subfield></datafield><datafield tag="590" ind1=" " ind2=" "><subfield code="Q">&lt;a href="https://archiveshub.jisc.ac.uk/data/gb3600-mac/mac/1/27" target="_blank"&gt;Archives Hub record for this item&lt;/a&gt;</subfield><subfield code="2">UkSoSU Primo VE display field</subfield></datafield><datafield tag="600" ind1="1" ind2=" ">
    <subfield code="a">Bridges, Alan,</subfield>
    <subfield code="d">1927-2013</subfield>
  </datafield>
  </record>