<record><leader>01435npda 2200229 i 4500</leader><controlfield tag="001">GB 3600 MAC/1/10</controlfield><controlfield tag="003">Archival Reference Code</controlfield><controlfield tag="008">230119i19711976enk           0000||eng|d</controlfield><datafield tag="024" ind1="7" ind2=" "><subfield code="a">GB 3600 MAC/1/10</subfield><subfield code="2">Archival Reference Code</subfield></datafield><datafield tag="040" ind1=" " ind2=" "><subfield code="a">UkSoSU</subfield><subfield code="b">eng</subfield><subfield code="c">UkSoSU</subfield></datafield><datafield tag="100" ind1="1" ind2=" "><subfield code="a">Mackie, Philip</subfield></datafield><datafield tag="245" ind1="1" ind2="0"><subfield code="a" ind2="2">A Marriage</subfield></datafield><datafield tag="264" ind1=" " ind2="0"><subfield code="c">1971 - 1976</subfield></datafield><datafield tag="300" ind1=" " ind2=" "><subfield code="a">Approximately 17 items</subfield></datafield><datafield tag="505" ind1="8" ind2=" "><subfield code="a">Detailed contents: Box 5: Four typewritten versions of a script, apparently for a stage play, with handwritten amendments. A letter (dated Feb 13, 1975) to Clive Goodwin thanking him for suggestions of revisions on the play. -- Box 87: 2 copies of a camera script for the TV version, and 1 typewritten draft script for the TV version, 1 typewritten script for the stage version. -- Box 143: A notebook containing notes on A Marriage. -- Box 145: Three copies of rehearsal scripts relating to A Marriage. -- Box 104: Programmes and promotional material from an Australian run of the theatre play; programme from the premiere at the Thorndike Theatre, Leatherhead, England. -- Box 126: Letter from Allan Davis 4 October 1976) discussing casting of the theatre play. Letter to Val May, Bristol Old Vic, discussing re-writes (15 May 1976).</subfield></datafield><datafield tag="520" ind1="2" ind2=" "><subfield code="a">Papers relating to A Marriage, a play by Mackie originally broadcast in 1972 as part of ITV's Saturday Night Theatre, and to a version apparently revised for the theatre.</subfield></datafield><datafield tag="541" ind1=" " ind2=" "><subfield code="c">Gift;</subfield><subfield code="a">Philip Mackie's daughter, Barbara Mackie;</subfield><subfield code="d">2006</subfield></datafield><datafield tag="590" ind1=" " ind2=" "><subfield code="Q">&lt;a href="https://www.imdb.com/title/tt1075203" target="_blank"&gt;IMDB page for A Marriage [Related work]&lt;/a&gt;</subfield><subfield code="2">UkSoSU Primo VE display field</subfield></datafield><datafield tag="590" ind1=" " ind2=" "><subfield code="W">Held in boxes 5, 87, 104, 143, 145</subfield><subfield code="2">UkSoSU Primo VE display field</subfield></datafield><datafield tag="590" ind1=" " ind2=" "><subfield code="Q">&lt;a href="https://archiveshub.jisc.ac.uk/data/gb3600-mac/mac/1/10" target="_blank"&gt;Archives Hub record for this item&lt;/a&gt;</subfield><subfield code="2">UkSoSU Primo VE display field</subfield></datafield></record>