<record><leader>01435npda 2200229 i 4500</leader><controlfield tag="001">GB 3600 MAC/1/43</controlfield><controlfield tag="003">Archival Reference Code</controlfield><controlfield tag="008">230119s1954    enk           0000||eng|d</controlfield><datafield tag="024" ind1="7" ind2=" "><subfield code="a">GB 3600 MAC/1/43</subfield><subfield code="2">Archival Reference Code</subfield></datafield><datafield tag="040" ind1=" " ind2=" "><subfield code="a">UkSoSU</subfield><subfield code="b">eng</subfield><subfield code="c">UkSoSU</subfield></datafield><datafield tag="100" ind1="1" ind2=" "><subfield code="a">Mackie, Philip</subfield></datafield><datafield tag="245" ind1="1" ind2="0"><subfield code="a" ind2="2">A Nest of Spiders</subfield></datafield><datafield tag="264" ind1=" " ind2="0"><subfield code="c">1954</subfield></datafield><datafield tag="300" ind1=" " ind2=" "><subfield code="a">6 items</subfield></datafield><datafield tag="505" ind1="8" ind2=" "><subfield code="a">Includes draft scripts for the first episode and storylines for the remaining five episodes. It appears to have been under consideration for production, possibly at the BBC, as there is a memo from Mackie to D.S.S. [Director of Series and Serials?] accompanying the drafts. There is also a brief and critical handwritten response from another member of staff.</subfield></datafield><datafield tag="520" ind1="2" ind2=" "><subfield code="a">Papers relating to A Nest of Spiders, a proposed six part TV series by Mackie that appears never to have been produced.</subfield></datafield><datafield tag="541" ind1=" " ind2=" "><subfield code="c">Gift;</subfield><subfield code="a">Philip Mackie's daughter, Barbara Mackie;</subfield><subfield code="d">2006</subfield></datafield><datafield tag="590" ind1=" " ind2=" "><subfield code="W">Held in box 82.</subfield><subfield code="2">UkSoSU Primo VE display field</subfield></datafield><datafield tag="590" ind1=" " ind2=" "><subfield code="Q">&lt;a href="https://archiveshub.jisc.ac.uk/data/gb3600-mac/mac/1/43" target="_blank"&gt;Archives Hub record for this item&lt;/a&gt;</subfield><subfield code="2">UkSoSU Primo VE display field</subfield></datafield></record>