<record><leader>01435npda 2200229 i 4500</leader><controlfield tag="001">GB 3600 MAC/1/33</controlfield><controlfield tag="003">Archival Reference Code</controlfield><controlfield tag="008">230119s1984    enk           0000||eng|d</controlfield><datafield tag="024" ind1="7" ind2=" "><subfield code="a">GB 3600 MAC/1/33</subfield><subfield code="2">Archival Reference Code</subfield></datafield><datafield tag="040" ind1=" " ind2=" "><subfield code="a">UkSoSU</subfield><subfield code="b">eng</subfield><subfield code="c">UkSoSU</subfield></datafield><datafield tag="100" ind1="1" ind2=" "><subfield code="a">Mackie, Philip</subfield></datafield><datafield tag="245" ind1="1" ind2="0"><subfield code="a" ind2="2">A Season of Giants, or, Michelangelo</subfield></datafield><datafield tag="264" ind1=" " ind2="0"><subfield code="c">1984</subfield></datafield><datafield tag="300" ind1=" " ind2=" "><subfield code="a">1 box plus scattered items</subfield></datafield><datafield tag="505" ind1="8" ind2=" "><subfield code="a">Detailed contents: Two copies of a bible for the series (181 pages each). -- One copy of the outline for the various parts of the series. -- Correspondence relating to the production, including with Stephen Smallwood, CP Films.</subfield></datafield><datafield tag="520" ind1="2" ind2=" "><subfield code="a">Papers apparently relating to A Season of Giants, a 1990 US/Italian mini series about the life of Michelangelo. The series is titled Michelangelo in Mackie's outline and bible, which obviously must have been written in the very early stages of production, but Mackie is posthumously credited on the series according to the BFI's&lt;extref href="http://www.screenonline.org.uk/people/id/1103508/credits.html"&gt;ScreenOnline&lt;/extref&gt;database, so it seems likely that these items relate to the series.</subfield></datafield><datafield tag="541" ind1=" " ind2=" "><subfield code="c">Gift;</subfield><subfield code="a">Philip Mackie's daughter, Barbara Mackie;</subfield><subfield code="d">2006</subfield></datafield><datafield tag="590" ind1=" " ind2=" "><subfield code="W">Held in box 52, 129, and 130.</subfield><subfield code="2">UkSoSU Primo VE display field</subfield></datafield><datafield tag="590" ind1=" " ind2=" "><subfield code="Q">&lt;a href="https://archiveshub.jisc.ac.uk/data/gb3600-mac/mac/1/33" target="_blank"&gt;Archives Hub record for this item&lt;/a&gt;</subfield><subfield code="2">UkSoSU Primo VE display field</subfield></datafield></record>