<record><leader>01435npda 2200229 i 4500</leader><controlfield tag="001">GB 3600 MAC/1/78</controlfield><controlfield tag="003">Archival Reference Code</controlfield><controlfield tag="008">230119i19761977enk           0000||eng|d</controlfield><datafield tag="024" ind1="7" ind2=" "><subfield code="a">GB 3600 MAC/1/78</subfield><subfield code="2">Archival Reference Code</subfield></datafield><datafield tag="040" ind1=" " ind2=" "><subfield code="a">UkSoSU</subfield><subfield code="b">eng</subfield><subfield code="c">UkSoSU</subfield></datafield><datafield tag="100" ind1="1" ind2=" "><subfield code="a">Mackie, Philip</subfield></datafield><datafield tag="245" ind1="1" ind2="0"><subfield code="a">Across a Crowded Room</subfield></datafield><datafield tag="264" ind1=" " ind2="0"><subfield code="c">1976 - 1977</subfield></datafield><datafield tag="300" ind1=" " ind2=" "><subfield code="a">8 items</subfield></datafield><datafield tag="505" ind1="8" ind2=" "><subfield code="a">Detailed contents: - A draft script for Across a Crowded Room (1976) -- A revised rehearsal script relating to Across a Crowded Room (1977) -- Letters for and from Peter Willes, Brenda Loader and Marc Miller (all from Yorkshire TV) relating to script changes and revisions</subfield></datafield><datafield tag="520" ind1="2" ind2=" "><subfield code="a">Papers relating to Across a Crowded Room, a teleplay written by Mackie that was broadcast on Yorkshire Television in 1978.</subfield></datafield><datafield tag="541" ind1=" " ind2=" "><subfield code="c">Gift;</subfield><subfield code="a">Philip Mackie's daughter, Barbara Mackie;</subfield><subfield code="d">2006</subfield></datafield><datafield tag="590" ind1=" " ind2=" "><subfield code="Q">&lt;a href="https://www.imdb.com/title/tt1375645" target="_blank"&gt;IMDB page for Across a Crowded Room&lt;/a&gt;</subfield><subfield code="2">UkSoSU Primo VE display field</subfield></datafield><datafield tag="590" ind1=" " ind2=" "><subfield code="W">Held in box 138</subfield><subfield code="2">UkSoSU Primo VE display field</subfield></datafield><datafield tag="590" ind1=" " ind2=" "><subfield code="Q">&lt;a href="https://archiveshub.jisc.ac.uk/data/gb3600-mac/mac/1/78" target="_blank"&gt;Archives Hub record for this item&lt;/a&gt;</subfield><subfield code="2">UkSoSU Primo VE display field</subfield></datafield></record>