<record><leader>01435npda 2200229 i 4500</leader><controlfield tag="001">GB 3600 MAC/1/9</controlfield><controlfield tag="003">Archival Reference Code</controlfield><controlfield tag="008">230119i19691970enk           0000||eng|d</controlfield><datafield tag="024" ind1="7" ind2=" "><subfield code="a">GB 3600 MAC/1/9</subfield><subfield code="2">Archival Reference Code</subfield></datafield><datafield tag="040" ind1=" " ind2=" "><subfield code="a">UkSoSU</subfield><subfield code="b">eng</subfield><subfield code="c">UkSoSU</subfield></datafield><datafield tag="100" ind1="1" ind2=" "><subfield code="a">Mackie, Philip</subfield></datafield><datafield tag="245" ind1="1" ind2="0"><subfield code="a">All the Way Up</subfield></datafield><datafield tag="264" ind1=" " ind2="0"><subfield code="c">1969 - 1970</subfield></datafield><datafield tag="300" ind1=" " ind2=" "><subfield code="a">1 box (10 items)</subfield></datafield><datafield tag="505" ind1="8" ind2=" "><subfield code="a">Detailed contents: One script, with typewritten replacement pages and handwritten annotations. -- Two typewritten drafts of a novelization of the film by Mackie. A novelization was published in 1970. -- 7 newspaper clippings (reviews, advertisements) related to All the Way Up.</subfield></datafield><datafield tag="520" ind1="2" ind2=" "><subfield code="a">Papers relating to All the Way Up, a 1970s film by Granada Films. It was adapted by Mackie from the David Turner play Semi-Detached.</subfield></datafield><datafield tag="541" ind1=" " ind2=" "><subfield code="c">Gift;</subfield><subfield code="a">Philip Mackie's daughter, Barbara Mackie;</subfield><subfield code="d">2006</subfield></datafield><datafield tag="590" ind1=" " ind2=" "><subfield code="Q">&lt;a href="https://www.imdb.com/title/tt0065384/" target="_blank"&gt;IMDB page for All the Way Up&lt;/a&gt;</subfield><subfield code="2">UkSoSU Primo VE display field</subfield></datafield><datafield tag="590" ind1=" " ind2=" "><subfield code="W">Held in box 4</subfield><subfield code="2">UkSoSU Primo VE display field</subfield></datafield><datafield tag="590" ind1=" " ind2=" "><subfield code="Q">&lt;a href="https://archiveshub.jisc.ac.uk/data/gb3600-mac/mac/1/9" target="_blank"&gt;Archives Hub record for this item&lt;/a&gt;</subfield><subfield code="2">UkSoSU Primo VE display field</subfield></datafield></record>