<record><leader>01435npda 2200229 i 4500</leader><controlfield tag="001">GB 3600 MAC/1/24</controlfield><controlfield tag="003">Archival Reference Code</controlfield><controlfield tag="008">230119i19771978enk           0000||eng|d</controlfield><datafield tag="024" ind1="7" ind2=" "><subfield code="a">GB 3600 MAC/1/24</subfield><subfield code="2">Archival Reference Code</subfield></datafield><datafield tag="040" ind1=" " ind2=" "><subfield code="a">UkSoSU</subfield><subfield code="b">eng</subfield><subfield code="c">UkSoSU</subfield></datafield><datafield tag="100" ind1="1" ind2=" "><subfield code="a">Mackie, Philip</subfield></datafield><datafield tag="245" ind1="1" ind2="0"><subfield code="a" ind2="3">An Englishman's Castle</subfield></datafield><datafield tag="264" ind1=" " ind2="0"><subfield code="c">1977 - 1978</subfield></datafield><datafield tag="300" ind1=" " ind2=" "><subfield code="a">4 boxes plus scattered items</subfield></datafield><datafield tag="505" ind1="8" ind2=" "><subfield code="a">Detailed contents: Box 28: Various draft versions for An Englishman's castle (extra pages for part three, 3 copies of part one, 3 copies of part two, 4 copies of part three, all copies with different annotations). -- Box 30: Final edited versions of An Englishman's Castle as transmitted ( printed June 1978, 2 copies for each part) -- Box 31: Rehearsal scripts - An Englishman's castle: play of the week (parts one and three). -- Box 32: Rehearsal scripts - An Englishman's castle: play of the week (2 copies of part 2; 2 copies of part 3). -- Box 82: Brief notes in a notebook. -- Box 127: Correspondence with Innes Lloyd, BBC TV, about the scenario and scripts.</subfield></datafield><datafield tag="520" ind1="2" ind2=" "><subfield code="a">Papers relating to An Englishman's Castle, a 1978 three-part BBC TV drama written by Mackie.</subfield></datafield><datafield tag="541" ind1=" " ind2=" "><subfield code="c">Gift;</subfield><subfield code="a">Philip Mackie's daughter, Barbara Mackie;</subfield><subfield code="d">2006</subfield></datafield><datafield tag="590" ind1=" " ind2=" "><subfield code="Q">&lt;a href="https://www.imdb.com/title/tt0077007/" target="_blank"&gt;IMDB page for An Englishman's Castle&lt;/a&gt;</subfield><subfield code="2">UkSoSU Primo VE display field</subfield></datafield><datafield tag="590" ind1=" " ind2=" "><subfield code="W">Held in boxes 28, 30-32, 82, 127.</subfield><subfield code="2">UkSoSU Primo VE display field</subfield></datafield><datafield tag="590" ind1=" " ind2=" "><subfield code="Q">&lt;a href="https://archiveshub.jisc.ac.uk/data/gb3600-mac/mac/1/24" target="_blank"&gt;Archives Hub record for this item&lt;/a&gt;</subfield><subfield code="2">UkSoSU Primo VE display field</subfield></datafield></record>