<record><leader>01435npda 2200229 i 4500</leader><controlfield tag="001">GB 3600 MAC/1/15</controlfield><controlfield tag="003">Archival Reference Code</controlfield><controlfield tag="008">230119s1972    enk           0000||eng|d</controlfield><datafield tag="024" ind1="7" ind2=" "><subfield code="a">GB 3600 MAC/1/15</subfield><subfield code="2">Archival Reference Code</subfield></datafield><datafield tag="040" ind1=" " ind2=" "><subfield code="a">UkSoSU</subfield><subfield code="b">eng</subfield><subfield code="c">UkSoSU</subfield></datafield><datafield tag="100" ind1="1" ind2=" "><subfield code="a">Mackie, Philip</subfield></datafield><datafield tag="245" ind1="1" ind2="0"><subfield code="a">Black and Blue. The Middle-of-the-Road Roadshow for All the Family</subfield></datafield><datafield tag="264" ind1=" " ind2="0"><subfield code="c">1972</subfield></datafield><datafield tag="300" ind1=" " ind2=" "><subfield code="a">2 boxes</subfield></datafield><datafield tag="505" ind1="8" ind2=" "><subfield code="a">Various scripts are included: drafts, camera-scripts, and rehearsal-scripts.</subfield></datafield><datafield tag="520" ind1="2" ind2=" "><subfield code="a">Scripts for The Middle-of-the-Road Roadshow for All the Family by Mackie, which was broadcast as part of the BBC TV anthology series Black and Blue (1973).</subfield></datafield><datafield tag="541" ind1=" " ind2=" "><subfield code="c">Gift;</subfield><subfield code="a">Philip Mackie's daughter, Barbara Mackie;</subfield><subfield code="d">2006</subfield></datafield><datafield tag="590" ind1=" " ind2=" "><subfield code="Q">&lt;a href="https://www.imdb.com/title/tt0526701" target="_blank"&gt;IMDB page for The middle-of-the-road roadshow for all the family&lt;/a&gt;</subfield><subfield code="2">UkSoSU Primo VE display field</subfield></datafield><datafield tag="590" ind1=" " ind2=" "><subfield code="W">Held in boxes 9 &amp; 10</subfield><subfield code="2">UkSoSU Primo VE display field</subfield></datafield><datafield tag="590" ind1=" " ind2=" "><subfield code="Q">&lt;a href="https://archiveshub.jisc.ac.uk/data/gb3600-mac/mac/1/15" target="_blank"&gt;Archives Hub record for this item&lt;/a&gt;</subfield><subfield code="2">UkSoSU Primo VE display field</subfield></datafield></record>