<record><leader>01435npda 2200229 i 4500</leader><controlfield tag="001">GB 3600 MAC/1/18</controlfield><controlfield tag="003">Archival Reference Code</controlfield><controlfield tag="008">230119i19751981enk           0000||eng|d</controlfield><datafield tag="024" ind1="7" ind2=" "><subfield code="a">GB 3600 MAC/1/18</subfield><subfield code="2">Archival Reference Code</subfield></datafield><datafield tag="040" ind1=" " ind2=" "><subfield code="a">UkSoSU</subfield><subfield code="b">eng</subfield><subfield code="c">UkSoSU</subfield></datafield><datafield tag="100" ind1="1" ind2=" "><subfield code="a">Mackie, Philip</subfield></datafield><datafield tag="245" ind1="1" ind2="0"><subfield code="a">Cover</subfield></datafield><datafield tag="264" ind1=" " ind2="0"><subfield code="c">1975 - 1981</subfield></datafield><datafield tag="300" ind1=" " ind2=" "><subfield code="a">2 boxes and several scattered items</subfield></datafield><datafield tag="505" ind1="8" ind2=" "><subfield code="a">Detailed contents: Box 22: Rehearsal scripts for Victims episodes 1-6, 1 letter including cast suggestions, script changes and corrections to Jacqueline Davis of Thames TV. -- Box 23: Revised reading copies for Victims episodes 1-6, 3 letters with script changes and corrections addressed to Jacqueline Davis. -- Box 119: Draft and revised scripts for T. M. S. Limited dating from 1975-1979. -- Box 126: Correspondence relating to the BBC's ultimate rejection of T. M. S. Limited. Correspondence relating to a novelization of T. M. S. Limited by Dulan Barber (David Fletcher). -- Box 128: Correspondence with Jacqueline Davis.</subfield></datafield><datafield tag="520" ind1="2" ind2=" "><subfield code="a">Papers relating to the 1981 Thames TV series Cover, although it is referred to by the earlier titles, Victims and T. M. S. Limited.</subfield></datafield><datafield tag="541" ind1=" " ind2=" "><subfield code="c">Gift;</subfield><subfield code="a">Philip Mackie's daughter, Barbara Mackie;</subfield><subfield code="d">2006</subfield></datafield><datafield tag="590" ind1=" " ind2=" "><subfield code="Q">&lt;a href="https://www.imdb.com/title/tt0165566/" target="_blank"&gt;IMDB page for Cover&lt;/a&gt;</subfield><subfield code="2">UkSoSU Primo VE display field</subfield></datafield><datafield tag="590" ind1=" " ind2=" "><subfield code="W">Held in boxes 22, 23, 119, 126, 128.</subfield><subfield code="2">UkSoSU Primo VE display field</subfield></datafield><datafield tag="590" ind1=" " ind2=" "><subfield code="Q">&lt;a href="https://archiveshub.jisc.ac.uk/data/gb3600-mac/mac/1/18" target="_blank"&gt;Archives Hub record for this item&lt;/a&gt;</subfield><subfield code="2">UkSoSU Primo VE display field</subfield></datafield></record>