<record><leader>01435npda 2200229 i 4500</leader><controlfield tag="001">GB 3600 MAC/1/23</controlfield><controlfield tag="003">Archival Reference Code</controlfield><controlfield tag="008">230119i19821983enk           0000||eng|d</controlfield><datafield tag="024" ind1="7" ind2=" "><subfield code="a">GB 3600 MAC/1/23</subfield><subfield code="2">Archival Reference Code</subfield></datafield><datafield tag="040" ind1=" " ind2=" "><subfield code="a">UkSoSU</subfield><subfield code="b">eng</subfield><subfield code="c">UkSoSU</subfield></datafield><datafield tag="100" ind1="1" ind2=" "><subfield code="a">Mackie, Philip</subfield></datafield><datafield tag="245" ind1="1" ind2="0"><subfield code="a">East Lynne</subfield></datafield><datafield tag="264" ind1=" " ind2="0"><subfield code="c">1982 - 1983</subfield></datafield><datafield tag="300" ind1=" " ind2=" "><subfield code="a">3 boxes plus scattered items</subfield></datafield><datafield tag="505" ind1="8" ind2=" "><subfield code="a">Detailed contents: Box 26: 2 copies of revised versions of rehearsal scripts (each 286 pages long) -- 2 copies of the letter to Colin Shindler (BBC TV), 2 letters related to filming East Lynne (to and from Susan A. McGregor, BBC TV), letters from fans praising East Lynne with a covering letter by Colin Shindler mentioning ratings and possibilities of repeats, Philip Mackie's invitation to the preview of East Lynne. -- 1 invitation card for Philip Mackie for East Lynne's preview (opening show) on 16th December 1982 (BBC Drama Christmas special) -- Box 27: 2 copies of draft for East Lynne, 1 with handwritten corrections. -- Box 29: 3 copies of drafts for East Lynne (with handwritten corrections), one with a cover letter for Colin Shindler where Mackie says he used "a wonderful new invention of carbon paper" to write the draft. -- Box 128: Correspondence with Colin Shindler. -- Box 129: Correspondence with Colin Shindler, including an article about Ellen Wood written by Shindler for The Listener, and a letter about East Lynne sent to Shindler by Dr. Margaret M. Maison.</subfield></datafield><datafield tag="520" ind1="2" ind2=" "><subfield code="a">Papers relating to East Lynne, Mackie's 1982 dramatization, for BBC TV, of the novel by Ellen Wood.</subfield></datafield><datafield tag="541" ind1=" " ind2=" "><subfield code="c">Gift;</subfield><subfield code="a">Philip Mackie's daughter, Barbara Mackie;</subfield><subfield code="d">2006</subfield></datafield><datafield tag="590" ind1=" " ind2=" "><subfield code="Q">&lt;a href="https://www.imdb.com/title/tt0158596/" target="_blank"&gt;IMDB page for East Lynne&lt;/a&gt;</subfield><subfield code="2">UkSoSU Primo VE display field</subfield></datafield><datafield tag="590" ind1=" " ind2=" "><subfield code="W">Held in boxes 26, 27, 29, 128 &amp; 129.</subfield><subfield code="2">UkSoSU Primo VE display field</subfield></datafield><datafield tag="590" ind1=" " ind2=" "><subfield code="Q">&lt;a href="https://archiveshub.jisc.ac.uk/data/gb3600-mac/mac/1/23" target="_blank"&gt;Archives Hub record for this item&lt;/a&gt;</subfield><subfield code="2">UkSoSU Primo VE display field</subfield></datafield></record>