<record><leader>01435npda 2200229 i 4500</leader><controlfield tag="001">GB 3600 MAC/1/21</controlfield><controlfield tag="003">Archival Reference Code</controlfield><controlfield tag="008">230119s1974    enk           0000||eng|d</controlfield><datafield tag="024" ind1="7" ind2=" "><subfield code="a">GB 3600 MAC/1/21</subfield><subfield code="2">Archival Reference Code</subfield></datafield><datafield tag="040" ind1=" " ind2=" "><subfield code="a">UkSoSU</subfield><subfield code="b">eng</subfield><subfield code="c">UkSoSU</subfield></datafield><datafield tag="100" ind1="1" ind2=" "><subfield code="a">Mackie, Philip</subfield></datafield><datafield tag="245" ind1="1" ind2="0"><subfield code="a">Good Girl</subfield></datafield><datafield tag="264" ind1=" " ind2="0"><subfield code="c">1974</subfield></datafield><datafield tag="300" ind1=" " ind2=" "><subfield code="a">7 boxes plus scattered items</subfield></datafield><datafield tag="505" ind1="8" ind2=" "><subfield code="a">Detailed contents: Box 34: Camera scripts (1 copy of episode 1; 1 copy of episode 3, 2 copies of episode 4 and 2 copies of episode 5) -- Box 35: Rehearsal scripts (2 copies of episode 3; 2 copies of episode 4) -- Box 36: Rehearsal scripts (3 copies of episode 1; 2 copies of episode 2) -- Box 37: Camera scripts (2 copies of episode 1; 2 copies of episode 2; 1 copy of episode 3) -- Box 38: Rehearsal scripts (2 copies of episode 5; 2 copies of episode 6) -- Box 39: Rehearsal scripts (2 copies of episode 1 including side notes by Mackie; 2 copies of episode 6) -- Box 126: Letters from Peter Willes, Yorkshire TV, about the delivery of episodes. -- Box 146: Revised versions of rehearsal scripts (Feb-March 1974) for episodes 1-4 of Good Girl.</subfield></datafield><datafield tag="520" ind1="2" ind2=" "><subfield code="a">Papers relating to the 1974 Yorkshire TV series Good Girl, written by Mackie. Included are original typewritten drafts, camera scripts, and rehearsal scripts.</subfield></datafield><datafield tag="541" ind1=" " ind2=" "><subfield code="c">Gift;</subfield><subfield code="a">Philip Mackie's daughter, Barbara Mackie;</subfield><subfield code="d">2006</subfield></datafield><datafield tag="590" ind1=" " ind2=" "><subfield code="Q">&lt;a href="https://www.imdb.com/title/tt1324395/" target="_blank"&gt;IMDB page for Good Girl&lt;/a&gt;</subfield><subfield code="2">UkSoSU Primo VE display field</subfield></datafield><datafield tag="590" ind1=" " ind2=" "><subfield code="W">Held in boxes 34-39; 126; 146</subfield><subfield code="2">UkSoSU Primo VE display field</subfield></datafield><datafield tag="590" ind1=" " ind2=" "><subfield code="Q">&lt;a href="https://archiveshub.jisc.ac.uk/data/gb3600-mac/mac/1/21" target="_blank"&gt;Archives Hub record for this item&lt;/a&gt;</subfield><subfield code="2">UkSoSU Primo VE display field</subfield></datafield></record>