<record><leader>01435npda 2200229 i 4500</leader><controlfield tag="001">GB 3600 MAC/1/79</controlfield><controlfield tag="003">Archival Reference Code</controlfield><controlfield tag="008">230119s1977    enk           0000||eng|d</controlfield><datafield tag="024" ind1="7" ind2=" "><subfield code="a">GB 3600 MAC/1/79</subfield><subfield code="2">Archival Reference Code</subfield></datafield><datafield tag="040" ind1=" " ind2=" "><subfield code="a">UkSoSU</subfield><subfield code="b">eng</subfield><subfield code="c">UkSoSU</subfield></datafield><datafield tag="100" ind1="1" ind2=" "><subfield code="a">Mackie, Philip</subfield></datafield><datafield tag="245" ind1="1" ind2="0"><subfield code="a">Gossip</subfield></datafield><datafield tag="264" ind1=" " ind2="0"><subfield code="c">1977</subfield></datafield><datafield tag="300" ind1=" " ind2=" "><subfield code="a">10 items</subfield></datafield><datafield tag="505" ind1="8" ind2=" "><subfield code="a">Detailed contents: - A plot summary (6 pages) of Gossip by Terence Baker (1977) -- 8 copies of scripts by Mackie relating to Gossip for episodes 1-6 -- A story outline by Mackie for Gossip including handwritten side notes -- Letters to Terence Baker from Mackie relating to script changes and revisions</subfield></datafield><datafield tag="520" ind1="2" ind2=" "><subfield code="a">Papers relating to Gossip, a comedy series by Philip Mackie. The original idea and plot seem to have come from Terence Baker, whose name appears in one of the papers but not in subsequent and complete versions of the scripts. Mackie prepared Gossip in six episodes, but there is no evidence that it was ever produced.</subfield></datafield><datafield tag="541" ind1=" " ind2=" "><subfield code="c">Gift;</subfield><subfield code="a">Philip Mackie's daughter, Barbara Mackie;</subfield><subfield code="d">2006</subfield></datafield><datafield tag="590" ind1=" " ind2=" "><subfield code="W">Held in box 138</subfield><subfield code="2">UkSoSU Primo VE display field</subfield></datafield><datafield tag="590" ind1=" " ind2=" "><subfield code="Q">&lt;a href="https://archiveshub.jisc.ac.uk/data/gb3600-mac/mac/1/79" target="_blank"&gt;Archives Hub record for this item&lt;/a&gt;</subfield><subfield code="2">UkSoSU Primo VE display field</subfield></datafield><datafield tag="700" ind1="1" ind2=" "><subfield code="a">Baker, Terence,</subfield><subfield code="d">1939-1991</subfield></datafield></record>