<record><leader>01435npda 2200229 i 4500</leader><controlfield tag="001">GB 3600 MAC/1/26</controlfield><controlfield tag="003">Archival Reference Code</controlfield><controlfield tag="008">230119i19741985enk           0000||eng|d</controlfield><datafield tag="024" ind1="7" ind2=" "><subfield code="a">GB 3600 MAC/1/26</subfield><subfield code="2">Archival Reference Code</subfield></datafield><datafield tag="040" ind1=" " ind2=" "><subfield code="a">UkSoSU</subfield><subfield code="b">eng</subfield><subfield code="c">UkSoSU</subfield></datafield><datafield tag="100" ind1="1" ind2=" "><subfield code="a">Mackie, Philip</subfield></datafield><datafield tag="245" ind1="1" ind2="0"><subfield code="a">Harriette</subfield></datafield><datafield tag="264" ind1=" " ind2="0"><subfield code="c">1974 - 1985</subfield></datafield><datafield tag="300" ind1=" " ind2=" "><subfield code="a">Approximately 10 items</subfield></datafield><datafield tag="505" ind1="8" ind2=" "><subfield code="a">Detailed contents: Two typewritten scripts, 145 pages and dated 25 Feb 1985. -- Correspondence with: Mike Wooller (BBC TV) [1974], James Cellan Jones (BBC TV) [1978], Verity Lambert (Thames TV) [1978], John Frankau [1980] discussing the possibility of a drama about Harriette Wilson.</subfield></datafield><datafield tag="520" ind1="2" ind2=" "><subfield code="a">Papers relating to Harriette, a screenplay by Mackie based on the memoirs of the courtesan Harriette Wilson, fl. 1805-1820. It appears never to have been produced.</subfield></datafield><datafield tag="541" ind1=" " ind2=" "><subfield code="c">Gift;</subfield><subfield code="a">Philip Mackie's daughter, Barbara Mackie;</subfield><subfield code="d">2006</subfield></datafield><datafield tag="590" ind1=" " ind2=" "><subfield code="W">Held in boxes 40, 126, 127, 128.</subfield><subfield code="2">UkSoSU Primo VE display field</subfield></datafield><datafield tag="590" ind1=" " ind2=" "><subfield code="Q">&lt;a href="https://archiveshub.jisc.ac.uk/data/gb3600-mac/mac/1/26" target="_blank"&gt;Archives Hub record for this item&lt;/a&gt;</subfield><subfield code="2">UkSoSU Primo VE display field</subfield></datafield></record>