<record><leader>01435npda 2200229 i 4500</leader><controlfield tag="001">GB 3600 MAC/1/53</controlfield><controlfield tag="003">Archival Reference Code</controlfield><controlfield tag="008">230119s1982    enk           0000||eng|d</controlfield><datafield tag="024" ind1="7" ind2=" "><subfield code="a">GB 3600 MAC/1/53</subfield><subfield code="2">Archival Reference Code</subfield></datafield><datafield tag="040" ind1=" " ind2=" "><subfield code="a">UkSoSU</subfield><subfield code="b">eng</subfield><subfield code="c">UkSoSU</subfield></datafield><datafield tag="100" ind1="1" ind2=" "><subfield code="a">Mackie, Philip</subfield></datafield><datafield tag="245" ind1="1" ind2="0"><subfield code="a">Jemima Shore Investigates. A Splash of Red</subfield></datafield><datafield tag="264" ind1=" " ind2="0"><subfield code="c">1982</subfield></datafield><datafield tag="300" ind1=" " ind2=" "><subfield code="a">3 boxes plus scattered items</subfield></datafield><datafield tag="505" ind1="8" ind2=" "><subfield code="a">Detailed contents: Box 114: Six copies of scripts of A Splash of Red for episodes 1 and 2 -- Various letters between Philp Mackie and Tim Aspinall (Thames TV) regarding script revisions and filming schedules -- Box 115: Four copies of rehearsal scripts -- Various letters between Philp Mackie and Tim Aspinall (Thames TV) regarding script revisions -- New box 3: Two reading copies of revised scripts amended in July 1982 -- Box 128: Correspondence with Tim Aspinall, including a request by Mackie to have his name taken off the production and replaced by the pseudonym Oscar Entwhistle. The letters also discuss Antonia Fraser's checking of the scripts and requests for changes.</subfield></datafield><datafield tag="520" ind1="2" ind2=" "><subfield code="a">Papers relating to A Splash of Red, a two-part dramatisation of the novel of the same name by Antonia Fraser, which was made for Thames Television and broadcast as part of the Jemima Shore Investigates series in 1983.</subfield></datafield><datafield tag="541" ind1=" " ind2=" "><subfield code="c">Gift;</subfield><subfield code="a">Philip Mackie's daughter, Barbara Mackie;</subfield><subfield code="d">2006</subfield></datafield><datafield tag="590" ind1=" " ind2=" "><subfield code="Q">&lt;a href="https://www.imdb.com/title/tt0161154/" target="_blank"&gt;IMDB page for A Splash of Red&lt;/a&gt;</subfield><subfield code="2">UkSoSU Primo VE display field</subfield></datafield><datafield tag="590" ind1=" " ind2=" "><subfield code="W">Held in boxes 114, 115, 128, and New box 3</subfield><subfield code="2">UkSoSU Primo VE display field</subfield></datafield><datafield tag="590" ind1=" " ind2=" "><subfield code="Q">&lt;a href="https://archiveshub.jisc.ac.uk/data/gb3600-mac/mac/1/53" target="_blank"&gt;Archives Hub record for this item&lt;/a&gt;</subfield><subfield code="2">UkSoSU Primo VE display field</subfield></datafield></record>