<record><leader>01435npda 2200229 i 4500</leader><controlfield tag="001">GB 3600 MAC/1/36</controlfield><controlfield tag="003">Archival Reference Code</controlfield><controlfield tag="008">230119s1965    enk           0000||eng|d</controlfield><datafield tag="024" ind1="7" ind2=" "><subfield code="a">GB 3600 MAC/1/36</subfield><subfield code="2">Archival Reference Code</subfield></datafield><datafield tag="040" ind1=" " ind2=" "><subfield code="a">UkSoSU</subfield><subfield code="b">eng</subfield><subfield code="c">UkSoSU</subfield></datafield><datafield tag="100" ind1="1" ind2=" "><subfield code="a">Mackie, Philip</subfield></datafield><datafield tag="245" ind1="1" ind2="0"><subfield code="a" ind2="3">Le Dindon</subfield></datafield><datafield tag="264" ind1=" " ind2="0"><subfield code="c">1965</subfield></datafield><datafield tag="300" ind1=" " ind2=" "><subfield code="a">1 box</subfield></datafield><datafield tag="505" ind1="8" ind2=" "><subfield code="a">Contents include two complete scripts with handwritten corrections, and a cover letter to Hugh Beaumont, dated 15 Feb 1965, relating to revisions of Act 1.</subfield></datafield><datafield tag="520" ind1="2" ind2=" "><subfield code="a">Papers relating to an adaptation, by Mackie, of Le Dindon by Georges Feydeau. The adaptation appears to have been prepared with a view to production in the theatre, but it is unclear if it was ever produced.</subfield></datafield><datafield tag="541" ind1=" " ind2=" "><subfield code="c">Gift;</subfield><subfield code="a">Philip Mackie's daughter, Barbara Mackie;</subfield><subfield code="d">2006</subfield></datafield><datafield tag="590" ind1=" " ind2=" "><subfield code="W">Held in box 60</subfield><subfield code="2">UkSoSU Primo VE display field</subfield></datafield><datafield tag="590" ind1=" " ind2=" "><subfield code="Q">&lt;a href="https://archiveshub.jisc.ac.uk/data/gb3600-mac/mac/1/36" target="_blank"&gt;Archives Hub record for this item&lt;/a&gt;</subfield><subfield code="2">UkSoSU Primo VE display field</subfield></datafield><datafield tag="600" ind1="1" ind2=" ">
    <subfield code="a">Beaumont, Hugh,</subfield>
    <subfield code="d">1908-1973</subfield>
  </datafield>
  </record>