<record><leader>01435npda 2200229 i 4500</leader><controlfield tag="001">GB 3600 MAC/1/51</controlfield><controlfield tag="003">Archival Reference Code</controlfield><controlfield tag="008">230119i19781983enk           0000||eng|d</controlfield><datafield tag="024" ind1="7" ind2=" "><subfield code="a">GB 3600 MAC/1/51</subfield><subfield code="2">Archival Reference Code</subfield></datafield><datafield tag="040" ind1=" " ind2=" "><subfield code="a">UkSoSU</subfield><subfield code="b">eng</subfield><subfield code="c">UkSoSU</subfield></datafield><datafield tag="100" ind1="1" ind2=" "><subfield code="a">Mackie, Philip</subfield></datafield><datafield tag="245" ind1="1" ind2="0"><subfield code="a" ind2="3">Le Rouge et le Noir</subfield></datafield><datafield tag="264" ind1=" " ind2="0"><subfield code="c">1978 - 1983</subfield></datafield><datafield tag="300" ind1=" " ind2=" "><subfield code="a">3 boxes plus scattered items</subfield></datafield><datafield tag="505" ind1="8" ind2=" "><subfield code="a">Detailed contents: Box 110: Notes on locations and sets required. A collection of tourist pamphlets for France that may be part of Mackie's research for the adaptation. -- Box 112: Two typewritten bound copies of scripts and a notebook with Mackie's notes in French and English. -- Box 148: Two typewritten copies of scripts. -- New box 5: 5 copies of scripts of The Life of Julien Sorel and Julien Sorel for episodes 1-5 -- Box 127: Correspondence between Mackie and Jonathan Powell and Betty Willingale (BBC TV) about casting and the script. -- Box 129: Correspondence from 1983.</subfield></datafield><datafield tag="520" ind1="2" ind2=" "><subfield code="a">Papers relating to Le Rouge et le Noir, a dramatization, by Mackie, of the novel of the same name by Stendhal. Mackie's version also has variant titles: The Life of Julien Sorel and Julien Sorel. The dramatization appears never to have been produced.</subfield></datafield><datafield tag="541" ind1=" " ind2=" "><subfield code="c">Gift;</subfield><subfield code="a">Philip Mackie's daughter, Barbara Mackie;</subfield><subfield code="d">2006</subfield></datafield><datafield tag="590" ind1=" " ind2=" "><subfield code="W">Held in boxes 110 &amp; 112; 148; new box 5; 127 &amp; 129.</subfield><subfield code="2">UkSoSU Primo VE display field</subfield></datafield><datafield tag="590" ind1=" " ind2=" "><subfield code="Q">&lt;a href="https://archiveshub.jisc.ac.uk/data/gb3600-mac/mac/1/51" target="_blank"&gt;Archives Hub record for this item&lt;/a&gt;</subfield><subfield code="2">UkSoSU Primo VE display field</subfield></datafield></record>