<record><leader>01435npda 2200229 i 4500</leader><controlfield tag="001">GB 3600 MAC/1/20</controlfield><controlfield tag="003">Archival Reference Code</controlfield><controlfield tag="008">230119s1972    enk           0000||eng|d</controlfield><datafield tag="024" ind1="7" ind2=" "><subfield code="a">GB 3600 MAC/1/20</subfield><subfield code="2">Archival Reference Code</subfield></datafield><datafield tag="040" ind1=" " ind2=" "><subfield code="a">UkSoSU</subfield><subfield code="b">eng</subfield><subfield code="c">UkSoSU</subfield></datafield><datafield tag="100" ind1="1" ind2=" "><subfield code="a">Mackie, Philip</subfield></datafield><datafield tag="245" ind1="1" ind2="0"><subfield code="a">Maigret's Boyhood Friend</subfield></datafield><datafield tag="264" ind1=" " ind2="0"><subfield code="c">1972</subfield></datafield><datafield tag="300" ind1=" " ind2=" "><subfield code="a">7 items</subfield></datafield><datafield tag="505" ind1="8" ind2=" "><subfield code="a">Contents -- Box 25: full draft and revised scripts and rewrites of selected sections. -- Box 133: three copies of scripts and revision notes related to Maigret's Boyhood Friend -- Box 143: A draft screenplay titled Maigret's Boyhood Friend - with handwritten changes and annotations. Script listed as "the property of David Paradine Films Ltd."</subfield></datafield><datafield tag="520" ind1="2" ind2=" "><subfield code="a">Papers relating to Maigret's Boyhood Friend, a screenplay by Mackie of the novel by Georges Simenon. The screenplay appears never to have been produced; included are suggestions for alternative titles: Maigret and the Old Friend; Maigret's Old Friend.</subfield></datafield><datafield tag="541" ind1=" " ind2=" "><subfield code="c">Gift;</subfield><subfield code="a">Philip Mackie's daughter, Barbara Mackie;</subfield><subfield code="d">2006</subfield></datafield><datafield tag="590" ind1=" " ind2=" "><subfield code="W">Held in boxes 25, 133 &amp; 143</subfield><subfield code="2">UkSoSU Primo VE display field</subfield></datafield><datafield tag="590" ind1=" " ind2=" "><subfield code="Q">&lt;a href="https://archiveshub.jisc.ac.uk/data/gb3600-mac/mac/1/20" target="_blank"&gt;Archives Hub record for this item&lt;/a&gt;</subfield><subfield code="2">UkSoSU Primo VE display field</subfield></datafield></record>