<record><leader>01435npda 2200229 i 4500</leader><controlfield tag="001">GB 3600 MAC/1/37</controlfield><controlfield tag="003">Archival Reference Code</controlfield><controlfield tag="008">230119i19821983enk           0000||eng|d</controlfield><datafield tag="024" ind1="7" ind2=" "><subfield code="a">GB 3600 MAC/1/37</subfield><subfield code="2">Archival Reference Code</subfield></datafield><datafield tag="040" ind1=" " ind2=" "><subfield code="a">UkSoSU</subfield><subfield code="b">eng</subfield><subfield code="c">UkSoSU</subfield></datafield><datafield tag="100" ind1="1" ind2=" "><subfield code="a">Mackie, Philip</subfield></datafield><datafield tag="245" ind1="1" ind2="0"><subfield code="a">Nanking Road</subfield></datafield><datafield tag="264" ind1=" " ind2="0"><subfield code="c">1982 - 1983</subfield></datafield><datafield tag="300" ind1=" " ind2=" "><subfield code="a">6 boxes plus scattered items</subfield></datafield><datafield tag="505" ind1="8" ind2=" "><subfield code="a">Detailed contents: Box 62: 4 revised second drafts of Nanking Road screenplay -- Box 63: 4 revised drafts of Nanking Road screenplay -- Box 64: 3 drafts plus various correspondence, including with John Pringle, CP Films -- Box 65: 3 copies of revised second drafts and 3 letters to John Pringle, CP Films, with notes on revisions. -- Box 66: 4 copies of revised drafts. -- Box 67: 4 revised first drafts of Nanking Road screenplay, some with handwritten annotations -- Box 128: Correspondence (1982). -- Box 129: Correspondence (1982-1983) with Jack Gold, with Stephen Smallwood and John Pringle, CP Films, and with Bob Markel, CBS, who gives very detailed notes on the draft scripts. -- Box 144: A revised second draft script.</subfield></datafield><datafield tag="520" ind1="2" ind2=" "><subfield code="a">Papers relating to an adaptation, by Mackie, of Nanking Road by Vicki Baum. It appears never to have been produced, though letters indicate it was being worked on and looked at by C. P. Films, Manfred Durniok Productions, and CBS.</subfield></datafield><datafield tag="541" ind1=" " ind2=" "><subfield code="c">Gift;</subfield><subfield code="a">Philip Mackie's daughter, Barbara Mackie;</subfield><subfield code="d">2006</subfield></datafield><datafield tag="590" ind1=" " ind2=" "><subfield code="W">Held in boxes 62-67, 128, 129.</subfield><subfield code="2">UkSoSU Primo VE display field</subfield></datafield><datafield tag="590" ind1=" " ind2=" "><subfield code="Q">&lt;a href="https://archiveshub.jisc.ac.uk/data/gb3600-mac/mac/1/37" target="_blank"&gt;Archives Hub record for this item&lt;/a&gt;</subfield><subfield code="2">UkSoSU Primo VE display field</subfield></datafield></record>