<record><leader>01435npda 2200229 i 4500</leader><controlfield tag="001">GB 3600 MAC/1/39</controlfield><controlfield tag="003">Archival Reference Code</controlfield><controlfield tag="008">230119i19721973enk           0000||eng|d</controlfield><datafield tag="024" ind1="7" ind2=" "><subfield code="a">GB 3600 MAC/1/39</subfield><subfield code="2">Archival Reference Code</subfield></datafield><datafield tag="040" ind1=" " ind2=" "><subfield code="a">UkSoSU</subfield><subfield code="b">eng</subfield><subfield code="c">UkSoSU</subfield></datafield><datafield tag="100" ind1="1" ind2=" "><subfield code="a">Mackie, Philip</subfield></datafield><datafield tag="245" ind1="1" ind2="0"><subfield code="a">Napoleon and Love</subfield></datafield><datafield tag="264" ind1=" " ind2="0"><subfield code="c">1972 - 1973</subfield></datafield><datafield tag="300" ind1=" " ind2=" "><subfield code="a">15 boxes</subfield></datafield><datafield tag="505" ind1="8" ind2=" "><subfield code="a">Detailed contents: Box 68: Various original notes (most handwritten) relating the episodes (14 items) -- Box 69: Scripts for episodes 6 to 9 -- Box 70: Scripts relating to episodes 1 to 4 -- Box 71: Rehearsal scripts (reading copy) relating to episodes 1 and 2 -- Box 72: Original and handwritten scripts relating to the various episodes -- Box 73: Scripts (first and revised versions) relating to episodes 1 to 4 -- Box 74: Rehearsal scripts for episodes 3 and 6 -- Box 75: Rehearsal scripts for episodes 4, 7, 8 &amp;amp; 9 -- Box 76: Unbound copies of Napoleon and Love - a novel by Mackie (3 items) -- Box 77: Handwritten scripts on notebooks relating to the various episodes -- Box 78: Unbound copy of Napoleon and Love - a novel by Mackie -- Box 79: Rehearsal scripts for episodes 3, 5, 6 &amp;amp; 8 -- Box 80: Handwritten scripts on notebooks relating to the various episodes -- Box 126: Correspondence relating to a novelization of Napoleon and Love -- Box 140: Four copies of scripts (some with handwritten corrections) relating to episodes 8 and 9 -- Box 144: Several press clippings including from the Daily Mail (19 Feb 1974; 13 March 1974), an article from The Daily Telegraph Magazine (1 March 1974), and a black and white photograph probably depicting four members of the cast.</subfield></datafield><datafield tag="520" ind1="2" ind2=" "><subfield code="a">Papers relating to Napoleon and Love, a historical drama written by Mackie and broadcast in 9 episodes by ITV in 1974.</subfield></datafield><datafield tag="541" ind1=" " ind2=" "><subfield code="c">Gift;</subfield><subfield code="a">Philip Mackie's daughter, Barbara Mackie;</subfield><subfield code="d">2006</subfield></datafield><datafield tag="590" ind1=" " ind2=" "><subfield code="Q">&lt;a href="https://www.imdb.com/title/tt0071020" target="_blank"&gt;IMDB page for Napoleon and Love&lt;/a&gt;</subfield><subfield code="2">UkSoSU Primo VE display field</subfield></datafield><datafield tag="590" ind1=" " ind2=" "><subfield code="W">Held in boxes 68-80; 126; 140, 144</subfield><subfield code="2">UkSoSU Primo VE display field</subfield></datafield><datafield tag="590" ind1=" " ind2=" "><subfield code="Q">&lt;a href="https://archiveshub.jisc.ac.uk/data/gb3600-mac/mac/1/39" target="_blank"&gt;Archives Hub record for this item&lt;/a&gt;</subfield><subfield code="2">UkSoSU Primo VE display field</subfield></datafield></record>