<record><leader>01435npda 2200229 i 4500</leader><controlfield tag="001">GB 3600 MAC/1/40</controlfield><controlfield tag="003">Archival Reference Code</controlfield><controlfield tag="008">230119s1964    enk           0000||eng|d</controlfield><datafield tag="024" ind1="7" ind2=" "><subfield code="a">GB 3600 MAC/1/40</subfield><subfield code="2">Archival Reference Code</subfield></datafield><datafield tag="040" ind1=" " ind2=" "><subfield code="a">UkSoSU</subfield><subfield code="b">eng</subfield><subfield code="c">UkSoSU</subfield></datafield><datafield tag="100" ind1="1" ind2=" "><subfield code="a">Mackie, Philip</subfield></datafield><datafield tag="245" ind1="1" ind2="0"><subfield code="a">Nell!</subfield></datafield><datafield tag="264" ind1=" " ind2="0"><subfield code="c">1964</subfield></datafield><datafield tag="300" ind1=" " ind2=" "><subfield code="a">1 box</subfield></datafield><datafield tag="505" ind1="8" ind2=" "><subfield code="a">Includes: An (apparently) early version written entirely by Johnny Worth, which was returned to Mackie by agent Richard Gregson in December 1964 with a letter indicating interest in the work. -- A typewritten revision of the book by Mackie. -- A script with a return slip from the Richmond Theatre; this script contains lots of revisions, and a handwritten note indicating the date of rehearsals and opening.</subfield></datafield><datafield tag="520" ind1="2" ind2=" "><subfield code="a">Papers relating to Nell!, a musical based on the life of Nell Gwynne. The story was written by Philip Mackie in collaboration with Johnny Worth, who wrote the music and lyrics. It was performed at the Richmond Theatre, London, in April 1970.</subfield></datafield><datafield tag="541" ind1=" " ind2=" "><subfield code="c">Gift;</subfield><subfield code="a">Philip Mackie's daughter, Barbara Mackie;</subfield><subfield code="d">2006</subfield></datafield><datafield tag="590" ind1=" " ind2=" "><subfield code="W">Held in box 81</subfield><subfield code="2">UkSoSU Primo VE display field</subfield></datafield><datafield tag="590" ind1=" " ind2=" "><subfield code="Q">&lt;a href="https://archiveshub.jisc.ac.uk/data/gb3600-mac/mac/1/40" target="_blank"&gt;Archives Hub record for this item&lt;/a&gt;</subfield><subfield code="2">UkSoSU Primo VE display field</subfield></datafield><datafield tag="700" ind1="1" ind2=" ">
    <subfield code="a">Worth, Johnny,</subfield>
    <subfield code="d">1931-</subfield>
  </datafield>
  </record>