<record><leader>01435npda 2200229 i 4500</leader><controlfield tag="001">GB 3600 MAC/1/46</controlfield><controlfield tag="003">Archival Reference Code</controlfield><controlfield tag="008">230119i19821985enk           0000||eng|d</controlfield><datafield tag="024" ind1="7" ind2=" "><subfield code="a">GB 3600 MAC/1/46</subfield><subfield code="2">Archival Reference Code</subfield></datafield><datafield tag="040" ind1=" " ind2=" "><subfield code="a">UkSoSU</subfield><subfield code="b">eng</subfield><subfield code="c">UkSoSU</subfield></datafield><datafield tag="100" ind1="1" ind2=" "><subfield code="a">Mackie, Philip</subfield></datafield><datafield tag="245" ind1="1" ind2="0"><subfield code="a">Pamela, or, Virtue Rewarded</subfield></datafield><datafield tag="264" ind1=" " ind2="0"><subfield code="c">1982 - 1985</subfield></datafield><datafield tag="300" ind1=" " ind2=" "><subfield code="a">5 boxes plus scattered items</subfield></datafield><datafield tag="505" ind1="8" ind2=" "><subfield code="a">Contents include various versions of scripts, including some produced by Thames TV, one of which has dates set for recording in April-July 1985. There is correspondence between Mackie and director Peter Duguid and Lloyd Shirley, Thames TV, in which they discuss revisions and casting. And correspondence between Mackie and Colin Shindler (BBC TV) about the possibility of producing the work.</subfield></datafield><datafield tag="520" ind1="2" ind2=" "><subfield code="a">Papers relating to Pamela or Virtue Rewarded, a dramatization, by Mackie, of the novel by Samuel Richardson. The dramatization appears never to have been produced although it was evidently in the advanced stages of production with Thames TV.</subfield></datafield><datafield tag="541" ind1=" " ind2=" "><subfield code="c">Gift;</subfield><subfield code="a">Philip Mackie's daughter, Barbara Mackie;</subfield><subfield code="d">2006</subfield></datafield><datafield tag="590" ind1=" " ind2=" "><subfield code="W">Held in boxes 91-95, 128-130.</subfield><subfield code="2">UkSoSU Primo VE display field</subfield></datafield><datafield tag="590" ind1=" " ind2=" "><subfield code="Q">&lt;a href="https://archiveshub.jisc.ac.uk/data/gb3600-mac/mac/1/46" target="_blank"&gt;Archives Hub record for this item&lt;/a&gt;</subfield><subfield code="2">UkSoSU Primo VE display field</subfield></datafield></record>