<record><leader>01435npda 2200229 i 4500</leader><controlfield tag="001">GB 3600 MAC/1/47</controlfield><controlfield tag="003">Archival Reference Code</controlfield><controlfield tag="008">230119i19631964enk           0000||eng|d</controlfield><datafield tag="024" ind1="7" ind2=" "><subfield code="a">GB 3600 MAC/1/47</subfield><subfield code="2">Archival Reference Code</subfield></datafield><datafield tag="040" ind1=" " ind2=" "><subfield code="a">UkSoSU</subfield><subfield code="b">eng</subfield><subfield code="c">UkSoSU</subfield></datafield><datafield tag="100" ind1="1" ind2=" "><subfield code="a">Mackie, Philip</subfield></datafield><datafield tag="245" ind1="1" ind2="0"><subfield code="a">Paris 1900</subfield></datafield><datafield tag="264" ind1=" " ind2="0"><subfield code="c">1963 - 1964</subfield></datafield><datafield tag="300" ind1=" " ind2=" "><subfield code="a">6 boxes</subfield></datafield><datafield tag="505" ind1="8" ind2=" "><subfield code="a">Episode list: The Ribadier System -- Fashions for Ladies -- The Lambert Affair -- Half a Husband -- The Ribbon -- The Luck of the Game -- Detailed contents: Box 91: A script of The Ribadier System. -- Box 96: 9 copies of original drafts and revisions relating to the six parts in the series -- Box 97: 4 copies of rehearsal scripts for parts 3-6 -- Box 98: 4 copies of rehearsal scripts for parts 2-5 -- Box 131B: 1 copy of rehearsal script for the episode The Luck of the Game -- Box 134: 2 copies of rehearsal script for the episodes 1 and 2</subfield></datafield><datafield tag="520" ind1="2" ind2=" "><subfield code="a">Papers relating to Paris 1900, a 1964 Granada TV series consisting of versions of Georges Feydeau's farces, translated and adapted by Mackie.</subfield></datafield><datafield tag="541" ind1=" " ind2=" "><subfield code="c">Gift;</subfield><subfield code="a">Philip Mackie's daughter, Barbara Mackie;</subfield><subfield code="d">2006</subfield></datafield><datafield tag="590" ind1=" " ind2=" "><subfield code="Q">&lt;a href="https://www.imdb.com/title/tt1371604/" target="_blank"&gt;IMDB page for Paris 1900&lt;/a&gt;</subfield><subfield code="2">UkSoSU Primo VE display field</subfield></datafield><datafield tag="590" ind1=" " ind2=" "><subfield code="W">Held in boxes 91, 96-98, 131B, 134</subfield><subfield code="2">UkSoSU Primo VE display field</subfield></datafield><datafield tag="590" ind1=" " ind2=" "><subfield code="Q">&lt;a href="https://archiveshub.jisc.ac.uk/data/gb3600-mac/mac/1/47" target="_blank"&gt;Archives Hub record for this item&lt;/a&gt;</subfield><subfield code="2">UkSoSU Primo VE display field</subfield></datafield></record>