<record><leader>01435npda 2200229 i 4500</leader><controlfield tag="001">GB 3600 MAC/1/48</controlfield><controlfield tag="003">Archival Reference Code</controlfield><controlfield tag="008">230119i19811982enk           0000||eng|d</controlfield><datafield tag="024" ind1="7" ind2=" "><subfield code="a">GB 3600 MAC/1/48</subfield><subfield code="2">Archival Reference Code</subfield></datafield><datafield tag="040" ind1=" " ind2=" "><subfield code="a">UkSoSU</subfield><subfield code="b">eng</subfield><subfield code="c">UkSoSU</subfield></datafield><datafield tag="100" ind1="1" ind2=" "><subfield code="a">Mackie, Philip</subfield></datafield><datafield tag="245" ind1="1" ind2="0"><subfield code="a">Praying Mantis</subfield></datafield><datafield tag="264" ind1=" " ind2="0"><subfield code="c">1981 - 1982</subfield></datafield><datafield tag="300" ind1=" " ind2=" "><subfield code="a">2 boxes plus scattered items</subfield></datafield><datafield tag="505" ind1="8" ind2=" "><subfield code="a">Detailed contents: Box 101: Revised versions for part 1 and 2 Praying mantis -- Press reviews for Praying mantis -- A photocopy of The Praying Mantises - translated from the French by Richard Howard - published in 1962, 159 pages -- Correspondence with Ian Warren and Jack Gold about script revisions -- Box 102: 5 copies of scripts for parts 1 and 2 -- Script revisions and other notes -- Box 128: Correspondence with Ian Warren and Jack Gold.</subfield></datafield><datafield tag="520" ind1="2" ind2=" "><subfield code="a">Papers relating to Praying mantis, a 1982 Channel 4 TV dramatization of the novel Les Mantes Religieuses by Hubert Monteilhet.</subfield></datafield><datafield tag="541" ind1=" " ind2=" "><subfield code="c">Gift;</subfield><subfield code="a">Philip Mackie's daughter, Barbara Mackie;</subfield><subfield code="d">2006</subfield></datafield><datafield tag="590" ind1=" " ind2=" "><subfield code="Q">&lt;a href="https://www.imdb.com/title/tt0084531/" target="_blank"&gt;IMDB page for Praying Mantis&lt;/a&gt;</subfield><subfield code="2">UkSoSU Primo VE display field</subfield></datafield><datafield tag="590" ind1=" " ind2=" "><subfield code="W">Held in boxes 101, 102, 128.</subfield><subfield code="2">UkSoSU Primo VE display field</subfield></datafield><datafield tag="590" ind1=" " ind2=" "><subfield code="Q">&lt;a href="https://archiveshub.jisc.ac.uk/data/gb3600-mac/mac/1/48" target="_blank"&gt;Archives Hub record for this item&lt;/a&gt;</subfield><subfield code="2">UkSoSU Primo VE display field</subfield></datafield></record>