<record><leader>01435npda 2200229 i 4500</leader><controlfield tag="001">GB 3600 MAC/1/2</controlfield><controlfield tag="003">Archival Reference Code</controlfield><controlfield tag="008">230119i19751977enk           0000||eng|d</controlfield><datafield tag="024" ind1="7" ind2=" "><subfield code="a">GB 3600 MAC/1/2</subfield><subfield code="2">Archival Reference Code</subfield></datafield><datafield tag="040" ind1=" " ind2=" "><subfield code="a">UkSoSU</subfield><subfield code="b">eng</subfield><subfield code="c">UkSoSU</subfield></datafield><datafield tag="100" ind1="1" ind2=" "><subfield code="a">Mackie, Philip</subfield></datafield><datafield tag="245" ind1="1" ind2="0"><subfield code="a">Raffles</subfield></datafield><datafield tag="264" ind1=" " ind2="0"><subfield code="c">1975 - 1977</subfield></datafield><datafield tag="300" ind1=" " ind2=" "><subfield code="a">8 boxes</subfield></datafield><datafield tag="505" ind1="8" ind2=" "><subfield code="a">Contents include: Camera scripts and rehearsal scripts for several episodes, including some for a 'new series' that was never made. -- Correspondence between Mackie and Jacky Stoller regarding script changes, transmission order, etc. -- 1 production schedule for Raffles -- 2 copies of script changes. -- Handwritten notes in notebook in box 82. -- Correspondence from and an unpublished article on Raffles by Gilian West, lecturer in English at the University of Hull. -- An article, Raffles and Bunny, written by Mackie and dated 20 January 1977. -- Correspondence relating to the novelization of the series by Dulan Barber (David Fletcher).</subfield></datafield><datafield tag="520" ind1="2" ind2=" "><subfield code="a">Papers relating to Raffles, a Yorkshire Television series (1977, with a pilot in 1975) adapted by Mackie from the stories of E. W. Hornung.</subfield></datafield><datafield tag="541" ind1=" " ind2=" "><subfield code="c">Gift;</subfield><subfield code="a">Philip Mackie's daughter, Barbara Mackie;</subfield><subfield code="d">2006</subfield></datafield><datafield tag="590" ind1=" " ind2=" "><subfield code="Q">&lt;a href="https://www.imdb.com/title/tt0075563/" target="_blank"&gt;IMDB page for Raffles&lt;/a&gt;</subfield><subfield code="2">UkSoSU Primo VE display field</subfield></datafield><datafield tag="590" ind1=" " ind2=" "><subfield code="W">Held in boxes 82, 99-100, 105-107, 109, 126 and 139.</subfield><subfield code="2">UkSoSU Primo VE display field</subfield></datafield><datafield tag="590" ind1=" " ind2=" "><subfield code="Q">&lt;a href="https://archiveshub.jisc.ac.uk/data/gb3600-mac/mac/1/2" target="_blank"&gt;Archives Hub record for this item&lt;/a&gt;</subfield><subfield code="2">UkSoSU Primo VE display field</subfield></datafield><datafield tag="600" ind1="1" ind2=" "><subfield code="a">Stoller, Jacky</subfield></datafield><datafield tag="700" ind1="1" ind2="0">
    <subfield code="a">West, Gilian</subfield>
  </datafield>
  </record>