<record><leader>01435npda 2200229 i 4500</leader><controlfield tag="001">GB 3600 MAC/1/5</controlfield><controlfield tag="003">Archival Reference Code</controlfield><controlfield tag="008">230119i19741975enk           0000||eng|d</controlfield><datafield tag="024" ind1="7" ind2=" "><subfield code="a">GB 3600 MAC/1/5</subfield><subfield code="2">Archival Reference Code</subfield></datafield><datafield tag="040" ind1=" " ind2=" "><subfield code="a">UkSoSU</subfield><subfield code="b">eng</subfield><subfield code="c">UkSoSU</subfield></datafield><datafield tag="100" ind1="1" ind2=" "><subfield code="a">Mackie, Philip</subfield></datafield><datafield tag="245" ind1="1" ind2="0"><subfield code="a">Shades of Greene</subfield></datafield><datafield tag="264" ind1=" " ind2="0"><subfield code="c">1974 - 1975</subfield></datafield><datafield tag="300" ind1=" " ind2=" "><subfield code="a">3 boxes</subfield></datafield><datafield tag="505" ind1="8" ind2=" "><subfield code="a">Detailed contents: Various scripts (drafts, camera scripts, and rehearsal scripts) for two episodes dramatized by Mackie, A Drive in the Country and Cheap in August. -- 4 typewritten (some with duplicate copies) and 1 handwritten correspondence between Mackie and Alan Cooke - all relating to script changes and revisions; (some with marginal notes by Mackie). -- 2 handwritten pages of pre-production outlines for Cheap in August. -- Letter (dated 18 September [1975]) from Virginia McKenna, who starred in Cheap in August, praising the writing.</subfield></datafield><datafield tag="520" ind1="2" ind2=" "><subfield code="a">Papers relating to two episodes of Shades of Greene, a 1975-76 Thames TV series dramatizing short stories of Graham Greene.</subfield></datafield><datafield tag="541" ind1=" " ind2=" "><subfield code="c">Gift;</subfield><subfield code="a">Philip Mackie's daughter, Barbara Mackie;</subfield><subfield code="d">2006</subfield></datafield><datafield tag="590" ind1=" " ind2=" "><subfield code="Q">&lt;a href="https://www.imdb.com/title/tt0164285/" target="_blank"&gt;IMDB page for Shades of Greene&lt;/a&gt;</subfield><subfield code="2">UkSoSU Primo VE display field</subfield></datafield><datafield tag="590" ind1=" " ind2=" "><subfield code="W">Held in boxes 1, 104, and 111</subfield><subfield code="2">UkSoSU Primo VE display field</subfield></datafield><datafield tag="590" ind1=" " ind2=" "><subfield code="Q">&lt;a href="https://archiveshub.jisc.ac.uk/data/gb3600-mac/mac/1/5" target="_blank"&gt;Archives Hub record for this item&lt;/a&gt;</subfield><subfield code="2">UkSoSU Primo VE display field</subfield></datafield><datafield tag="600" ind1="1" ind2=" ">
    <subfield code="a">Cooke, Alan,</subfield>
    <subfield code="d">1926-1994</subfield>
  </datafield>
  </record>