<record><leader>01435npda 2200229 i 4500</leader><controlfield tag="001">GB 3600 MAC/1/77</controlfield><controlfield tag="003">Archival Reference Code</controlfield><controlfield tag="008">230119s1952    enk           0000||eng|d</controlfield><datafield tag="024" ind1="7" ind2=" "><subfield code="a">GB 3600 MAC/1/77</subfield><subfield code="2">Archival Reference Code</subfield></datafield><datafield tag="040" ind1=" " ind2=" "><subfield code="a">UkSoSU</subfield><subfield code="b">eng</subfield><subfield code="c">UkSoSU</subfield></datafield><datafield tag="100" ind1="1" ind2=" "><subfield code="a">Mackie, Philip</subfield></datafield><datafield tag="245" ind1="1" ind2="0"><subfield code="a">Super-Priority</subfield></datafield><datafield tag="264" ind1=" " ind2="0"><subfield code="c">1952</subfield></datafield><datafield tag="300" ind1=" " ind2=" "><subfield code="a">1 item</subfield></datafield><datafield tag="505" ind1="8" ind2=" "><subfield code="a" /></datafield><datafield tag="520" ind1="2" ind2=" "><subfield code="a">Shooting script for Super-Priority, to be made at Cinetone Studios Amsterdam. The work is described as a 'half-hour TV film', but appears to be a film of the kind made for the Ministry of Information, Films Division, for whom Mackie worked. There is no evidence to indicate whether it was produced, however.</subfield></datafield><datafield tag="541" ind1=" " ind2=" "><subfield code="c">Gift;</subfield><subfield code="a">Philip Mackie's daughter, Barbara Mackie;</subfield><subfield code="d">2006</subfield></datafield><datafield tag="590" ind1=" " ind2=" "><subfield code="W">Held in box 137.</subfield><subfield code="2">UkSoSU Primo VE display field</subfield></datafield><datafield tag="590" ind1=" " ind2=" "><subfield code="Q">&lt;a href="https://archiveshub.jisc.ac.uk/data/gb3600-mac/mac/1/77" target="_blank"&gt;Archives Hub record for this item&lt;/a&gt;</subfield><subfield code="2">UkSoSU Primo VE display field</subfield></datafield></record>