<record><leader>01435npda 2200229 i 4500</leader><controlfield tag="001">GB 3600 MAC/1/13</controlfield><controlfield tag="003">Archival Reference Code</controlfield><controlfield tag="008">230119nuuuuuuuuenk           0000||eng|d</controlfield><datafield tag="024" ind1="7" ind2=" "><subfield code="a">GB 3600 MAC/1/13</subfield><subfield code="2">Archival Reference Code</subfield></datafield><datafield tag="040" ind1=" " ind2=" "><subfield code="a">UkSoSU</subfield><subfield code="b">eng</subfield><subfield code="c">UkSoSU</subfield></datafield><datafield tag="100" ind1="1" ind2=" "><subfield code="a">Mackie, Philip</subfield></datafield><datafield tag="245" ind1="1" ind2="0"><subfield code="a" ind2="4">The Anti-Death League</subfield></datafield><datafield tag="264" ind1=" " ind2="0"><subfield code="c" /></datafield><datafield tag="300" ind1=" " ind2=" "><subfield code="a">1 box plus scattered items</subfield></datafield><datafield tag="505" ind1="8" ind2=" "><subfield code="a">Detailed contents: Scripts for episodes 1-4 of The Anti-Death League. -- Correspondence between Mackie and Cliff Owen (1977-1985), director, with script amendments, and an updated scenario for 'Operation Apollo' by Kingsley Amis. -- Correspondence (1978-1983) between Mackie and various TV executives exploring the possibility of producing the drama.</subfield></datafield><datafield tag="520" ind1="2" ind2=" "><subfield code="a">Papers relating to a dramatization by Mackie of the Kingsley Amis novel The Anti-Death League. It seems the dramatization was never produced.</subfield></datafield><datafield tag="541" ind1=" " ind2=" "><subfield code="c">Gift;</subfield><subfield code="a">Philip Mackie's daughter, Barbara Mackie;</subfield><subfield code="d">2006</subfield></datafield><datafield tag="590" ind1=" " ind2=" "><subfield code="W">Mainly held in box 8. There is correspondence in boxes 17, 127, 128, 129.</subfield><subfield code="2">UkSoSU Primo VE display field</subfield></datafield><datafield tag="590" ind1=" " ind2=" "><subfield code="Q">&lt;a href="https://archiveshub.jisc.ac.uk/data/gb3600-mac/mac/1/13" target="_blank"&gt;Archives Hub record for this item&lt;/a&gt;</subfield><subfield code="2">UkSoSU Primo VE display field</subfield></datafield><datafield tag="600" ind1="1" ind2=" ">
    <subfield code="a">Amis, Kingsley</subfield>
  </datafield>
  <datafield tag="700" ind1="1" ind2=" ">
    <subfield code="a">Amis, Kingsley</subfield>
  </datafield>
  </record>