<record><leader>01435npda 2200229 i 4500</leader><controlfield tag="001">GB 3600 MAC/1/89</controlfield><controlfield tag="003">Archival Reference Code</controlfield><controlfield tag="008">230119i19651969enk           0000||eng|d</controlfield><datafield tag="024" ind1="7" ind2=" "><subfield code="a">GB 3600 MAC/1/89</subfield><subfield code="2">Archival Reference Code</subfield></datafield><datafield tag="040" ind1=" " ind2=" "><subfield code="a">UkSoSU</subfield><subfield code="b">eng</subfield><subfield code="c">UkSoSU</subfield></datafield><datafield tag="100" ind1="1" ind2=" "><subfield code="a">Mackie, Philip</subfield></datafield><datafield tag="245" ind1="1" ind2="0"><subfield code="a" ind2="4">The Caesars</subfield></datafield><datafield tag="264" ind1=" " ind2="0"><subfield code="c">1965 - 1969</subfield></datafield><datafield tag="300" ind1=" " ind2=" "><subfield code="a">Several item</subfield></datafield><datafield tag="505" ind1="8" ind2=" "><subfield code="a">Detailed contents: Box 104: Memo to 'members of the programme committtee', 10 December 1964, proposing a series dealing with the Caesars. -- Several copies of an outline for a series of 13 one-hour programmes (dated from 1965 to 1969), which take the story up to AD69, further than the series reached. -- Partial, handwritten notes detailing how the series should be run, including costings (dated 1965). -- Box 152: Handwritten notes in a notebook detailing the chronology up to the accession of Tiberius and onwards as well as what appears to be an outline/synopses. -- Box 143: Notes in a notebook on turning The Caesars into a stage play.</subfield></datafield><datafield tag="520" ind1="2" ind2=" "><subfield code="a">Papers relating to The Caesars a 1968 Granada TV series written by Mackie.</subfield></datafield><datafield tag="541" ind1=" " ind2=" "><subfield code="c">Gift;</subfield><subfield code="a">Philip Mackie's daughter, Barbara Mackie;</subfield><subfield code="d">2006</subfield></datafield><datafield tag="590" ind1=" " ind2=" "><subfield code="Q">&lt;a href="https://www.imdb.com/title/tt0166037/" target="_blank"&gt;IMDB page for The Caesars&lt;/a&gt;</subfield><subfield code="2">UkSoSU Primo VE display field</subfield></datafield><datafield tag="590" ind1=" " ind2=" "><subfield code="W">Held in boxes 104, 143 and 152</subfield><subfield code="2">UkSoSU Primo VE display field</subfield></datafield><datafield tag="590" ind1=" " ind2=" "><subfield code="Q">&lt;a href="https://archiveshub.jisc.ac.uk/data/gb3600-mac/mac/1/89" target="_blank"&gt;Archives Hub record for this item&lt;/a&gt;</subfield><subfield code="2">UkSoSU Primo VE display field</subfield></datafield></record>