<record><leader>01435npda 2200229 i 4500</leader><controlfield tag="001">GB 3600 MAC/1/61</controlfield><controlfield tag="003">Archival Reference Code</controlfield><controlfield tag="008">230119i19751976enk           0000||eng|d</controlfield><datafield tag="024" ind1="7" ind2=" "><subfield code="a">GB 3600 MAC/1/61</subfield><subfield code="2">Archival Reference Code</subfield></datafield><datafield tag="040" ind1=" " ind2=" "><subfield code="a">UkSoSU</subfield><subfield code="b">eng</subfield><subfield code="c">UkSoSU</subfield></datafield><datafield tag="100" ind1="1" ind2=" "><subfield code="a">Mackie, Philip</subfield></datafield><datafield tag="245" ind1="1" ind2="0"><subfield code="a" ind2="4">The Chairman</subfield></datafield><datafield tag="264" ind1=" " ind2="0"><subfield code="c">1975 - 1976</subfield></datafield><datafield tag="300" ind1=" " ind2=" "><subfield code="a">Approximately 14 items</subfield></datafield><datafield tag="505" ind1="8" ind2=" "><subfield code="a">Includes: Scripts, some with have handwritten annotations and revisions. -- Correspondence with Hazel Vincent Wallace, of the Thorndike Theatre, suggesting that the The Organization be turned into a play and performed at the Thorndike (May 1975). -- Programme from a run at the Globe Theatre. -- Letter from David Firth, who played David Pershore in the play, dated 26 May 1976.</subfield></datafield><datafield tag="520" ind1="2" ind2=" "><subfield code="a">Papers relating to The Chairman, a play by Philip Mackie based on his TV series, The Organization. The Chairman was published in 1976 and probably the play was first produced in the same year.</subfield></datafield><datafield tag="541" ind1=" " ind2=" "><subfield code="c">Gift;</subfield><subfield code="a">Philip Mackie's daughter, Barbara Mackie;</subfield><subfield code="d">2006</subfield></datafield><datafield tag="590" ind1=" " ind2=" "><subfield code="W">Held in boxes 104; 126; 131B; 146; 150.</subfield><subfield code="2">UkSoSU Primo VE display field</subfield></datafield><datafield tag="590" ind1=" " ind2=" "><subfield code="Q">&lt;a href="https://archiveshub.jisc.ac.uk/data/gb3600-mac/mac/1/61" target="_blank"&gt;Archives Hub record for this item&lt;/a&gt;</subfield><subfield code="2">UkSoSU Primo VE display field</subfield></datafield></record>