<record><leader>01435npda 2200229 i 4500</leader><controlfield tag="001">GB 3600 MAC/1/16</controlfield><controlfield tag="003">Archival Reference Code</controlfield><controlfield tag="008">230119i19771983enk           0000||eng|d</controlfield><datafield tag="024" ind1="7" ind2=" "><subfield code="a">GB 3600 MAC/1/16</subfield><subfield code="2">Archival Reference Code</subfield></datafield><datafield tag="040" ind1=" " ind2=" "><subfield code="a">UkSoSU</subfield><subfield code="b">eng</subfield><subfield code="c">UkSoSU</subfield></datafield><datafield tag="100" ind1="1" ind2=" "><subfield code="a">Mackie, Philip</subfield></datafield><datafield tag="245" ind1="1" ind2="0"><subfield code="a" ind2="4">The Cleopatras</subfield></datafield><datafield tag="264" ind1=" " ind2="0"><subfield code="c">1977 - 1983</subfield></datafield><datafield tag="300" ind1=" " ind2=" "><subfield code="a">9 boxes plus scattered items</subfield></datafield><datafield tag="505" ind1="8" ind2=" "><subfield code="a">Detailed contents: Draft and rehearsal scripts for each episode [Boxes 11-17]. -- Correspondence (with Graeme McDonald and William Slater, both at BBC Drama and TV) and notes related to the initiation of The Cleopatras project, 1980 [Box 17]. -- 2 cast lists [Box 17]. -- Correspondence discussing script amendments with Guy Slater, BBC TV [Box 17] -- 3 script excerpts with changes [Box 17] -- 'The Cleopatras: an historical outline' written by R. C. M. Learner, January 1977 [Box 17] -- A 49 page typewritten document entitled: Cleopatra: introduction and episode one [Box 17] -- Correspondence relating to the production of the series, and to the role of R. C. M. Leaner in its development (1980-1982) [Box 128]. -- Correspondence with Guy Slater and David Reid, BBC TV, (1982-1983) [Box 129]. -- Draft versions of the novelization of the series by Philip Mackie [Boxes 18-19]. -- Correspondence relating to the production of the novel (1981-1982) [Box 128].</subfield></datafield><datafield tag="520" ind1="2" ind2=" "><subfield code="a">Papers relating to The Cleopatras, a 1983 BBC TV series in eight episodes, written by Philip Mackie, and to the accompanying novel, published by the BBC in 1983.</subfield></datafield><datafield tag="541" ind1=" " ind2=" "><subfield code="c">Gift;</subfield><subfield code="a">Philip Mackie's daughter, Barbara Mackie;</subfield><subfield code="d">2006</subfield></datafield><datafield tag="590" ind1=" " ind2=" "><subfield code="Q">&lt;a href="https://www.imdb.com/title/tt0084998" target="_blank"&gt;IMDB page for The Cleopatras&lt;/a&gt;</subfield><subfield code="2">UkSoSU Primo VE display field</subfield></datafield><datafield tag="590" ind1=" " ind2=" "><subfield code="W">Held in boxes 11-19, and 128 &amp; 129.</subfield><subfield code="2">UkSoSU Primo VE display field</subfield></datafield><datafield tag="590" ind1=" " ind2=" "><subfield code="Q">&lt;a href="https://archiveshub.jisc.ac.uk/data/gb3600-mac/mac/1/16" target="_blank"&gt;Archives Hub record for this item&lt;/a&gt;</subfield><subfield code="2">UkSoSU Primo VE display field</subfield></datafield><datafield tag="600" ind1="1" ind2=" "><subfield code="a">Slater, Guy,</subfield><subfield code="d">b 1941</subfield></datafield><datafield tag="700" ind1="1" ind2=" ">
    <subfield code="a">Learner, Richard</subfield>
  </datafield>
  </record>