<record><leader>01435npda 2200229 i 4500</leader><controlfield tag="001">GB 3600 MAC/1/72</controlfield><controlfield tag="003">Archival Reference Code</controlfield><controlfield tag="008">230119i19601962enk           0000||eng|d</controlfield><datafield tag="024" ind1="7" ind2=" "><subfield code="a">GB 3600 MAC/1/72</subfield><subfield code="2">Archival Reference Code</subfield></datafield><datafield tag="040" ind1=" " ind2=" "><subfield code="a">UkSoSU</subfield><subfield code="b">eng</subfield><subfield code="c">UkSoSU</subfield></datafield><datafield tag="100" ind1="1" ind2=" "><subfield code="a">Mackie, Philip</subfield></datafield><datafield tag="245" ind1="1" ind2="0"><subfield code="a" ind2="4">The Edgar Wallace Mysteries</subfield></datafield><datafield tag="264" ind1=" " ind2="0"><subfield code="c">1960 - 1962</subfield></datafield><datafield tag="300" ind1=" " ind2=" "><subfield code="a">1 box</subfield></datafield><datafield tag="505" ind1="8" ind2=" "><subfield code="a">Detailed contents: Correspondence between Mackie and Jack Greenwood, of Anglo-Guild Productions, relating to script and story changes for several of the films listed below. -- Outlines for several films: The Man at the Carlton Tower (1961); The Clue of the Siver Key (1961); Number Six (1962); The Clue of the Twisted Candle (1960). -- Scripts for several films: The Clue of the Twisted Candle (1960); The 20,000 Kiss (1962); Number Six (1962).</subfield></datafield><datafield tag="520" ind1="2" ind2=" "><subfield code="a">Papers relating to episodes of The Edgar Wallace Mysteries, a second-feature film series mainly produced at Merton Park Studios for Anglo-Amalgamated between 1960 and 1965, which dramatized stories by Edgar Wallace.</subfield></datafield><datafield tag="541" ind1=" " ind2=" "><subfield code="c">Gift;</subfield><subfield code="a">Philip Mackie's daughter, Barbara Mackie;</subfield><subfield code="d">2006</subfield></datafield><datafield tag="590" ind1=" " ind2=" "><subfield code="Q">&lt;a href="https://www.imdb.com/title/tt0190181" target="_blank"&gt;IMDB page for The Edgar Wallace Mystery series&lt;/a&gt;</subfield><subfield code="2">UkSoSU Primo VE display field</subfield></datafield><datafield tag="590" ind1=" " ind2=" "><subfield code="W">Held in boxes 137 &amp; 149.</subfield><subfield code="2">UkSoSU Primo VE display field</subfield></datafield><datafield tag="590" ind1=" " ind2=" "><subfield code="Q">&lt;a href="https://archiveshub.jisc.ac.uk/data/gb3600-mac/mac/1/72" target="_blank"&gt;Archives Hub record for this item&lt;/a&gt;</subfield><subfield code="2">UkSoSU Primo VE display field</subfield></datafield></record>