<record><leader>01435npda 2200229 i 4500</leader><controlfield tag="001">GB 3600 MAC/1/74</controlfield><controlfield tag="003">Archival Reference Code</controlfield><controlfield tag="008">230119i19631964enk           0000||eng|d</controlfield><datafield tag="024" ind1="7" ind2=" "><subfield code="a">GB 3600 MAC/1/74</subfield><subfield code="2">Archival Reference Code</subfield></datafield><datafield tag="040" ind1=" " ind2=" "><subfield code="a">UkSoSU</subfield><subfield code="b">eng</subfield><subfield code="c">UkSoSU</subfield></datafield><datafield tag="100" ind1="1" ind2=" "><subfield code="a">Mackie, Philip</subfield></datafield><datafield tag="245" ind1="1" ind2="0"><subfield code="a" ind2="4">The Girl at the Next Table [Musical]</subfield></datafield><datafield tag="264" ind1=" " ind2="0"><subfield code="c">1963 - 1964</subfield></datafield><datafield tag="300" ind1=" " ind2=" "><subfield code="a">1 box</subfield></datafield><datafield tag="505" ind1="8" ind2=" "><subfield code="a">Detailed contents: Several draft books for the musical with handwritten annotations; an apparently later version of the books includes early lyrics by Jimmy Jaques. -- Correspondence between Mackie and Ian Carmichael (who was to play the lead role), Bamber Gascoigne, and Julian More (both of whom were potential lyricists). -- A list of scenes, a list of songs, and some lyrics.</subfield></datafield><datafield tag="520" ind1="2" ind2=" "><subfield code="a">Papers relating to The Girl at the Next Table, a musical version of the 1957 BBC TV programme written by Philip Mackie. This version appears to have been in preparation for the stage in 1963-64, but there is no external information to confirm if this version was ever produced.</subfield></datafield><datafield tag="541" ind1=" " ind2=" "><subfield code="c">Gift;</subfield><subfield code="a">Philip Mackie's daughter, Barbara Mackie;</subfield><subfield code="d">2006</subfield></datafield><datafield tag="590" ind1=" " ind2=" "><subfield code="W">Held in box 132.</subfield><subfield code="2">UkSoSU Primo VE display field</subfield></datafield><datafield tag="590" ind1=" " ind2=" "><subfield code="Q">&lt;a href="https://archiveshub.jisc.ac.uk/data/gb3600-mac/mac/1/74" target="_blank"&gt;Archives Hub record for this item&lt;/a&gt;</subfield><subfield code="2">UkSoSU Primo VE display field</subfield></datafield><datafield tag="700" ind1="1" ind2=" "><subfield code="a">Jaques, Jimmy</subfield></datafield><datafield tag="700" ind1="1" ind2=" ">
    <subfield code="a">Gascoigne, Bamber</subfield>
  </datafield>
  <datafield tag="700" ind1="1" ind2=" ">
    <subfield code="a">Carmichael, Ian,</subfield>
    <subfield code="d">1920-2010</subfield>
  </datafield>
  <datafield tag="700" ind1="1" ind2=" ">
    <subfield code="a">More, Julian</subfield>
  </datafield>
  </record>