<record><leader>01435npda 2200229 i 4500</leader><controlfield tag="001">GB 3600 MAC/1/57</controlfield><controlfield tag="003">Archival Reference Code</controlfield><controlfield tag="008">230119s1970    enk           0000||eng|d</controlfield><datafield tag="024" ind1="7" ind2=" "><subfield code="a">GB 3600 MAC/1/57</subfield><subfield code="2">Archival Reference Code</subfield></datafield><datafield tag="040" ind1=" " ind2=" "><subfield code="a">UkSoSU</subfield><subfield code="b">eng</subfield><subfield code="c">UkSoSU</subfield></datafield><datafield tag="100" ind1="1" ind2=" "><subfield code="a">Mackie, Philip</subfield></datafield><datafield tag="245" ind1="1" ind2="0"><subfield code="a" ind2="4">The Inheritance</subfield></datafield><datafield tag="264" ind1=" " ind2="0"><subfield code="c">1970</subfield></datafield><datafield tag="300" ind1=" " ind2=" "><subfield code="a">4 items</subfield></datafield><datafield tag="505" ind1="8" ind2=" "><subfield code="a">Detailed contents: Box 120: Scripts. -- Box 143: Handwritten notes in notebook.</subfield></datafield><datafield tag="520" ind1="2" ind2=" "><subfield code="a">Papers relating to The Inheritance, a screenplay by Philip Mackie based on an adaptation by Hugh Leonard of L'hritage, a short story by Guy de Maupassant. One script is dated 1970 and labelled "Granada Films Limited", so appears to be a proposed film that was not produced. Probably it is based on the episode The Inheritance of the 1963 Granada TV series Maupassant, which Mackie produced.</subfield></datafield><datafield tag="541" ind1=" " ind2=" "><subfield code="c">Gift;</subfield><subfield code="a">Philip Mackie's daughter, Barbara Mackie;</subfield><subfield code="d">2006</subfield></datafield><datafield tag="590" ind1=" " ind2=" "><subfield code="Q">&lt;a href="https://www.imdb.com/title/tt1494099/" target="_blank"&gt;IMDB page for The Inheritance [Related work]&lt;/a&gt;</subfield><subfield code="2">UkSoSU Primo VE display field</subfield></datafield><datafield tag="590" ind1=" " ind2=" "><subfield code="W">Held in boxes 120, 143</subfield><subfield code="2">UkSoSU Primo VE display field</subfield></datafield><datafield tag="590" ind1=" " ind2=" "><subfield code="Q">&lt;a href="https://archiveshub.jisc.ac.uk/data/gb3600-mac/mac/1/57" target="_blank"&gt;Archives Hub record for this item&lt;/a&gt;</subfield><subfield code="2">UkSoSU Primo VE display field</subfield></datafield></record>