<record><leader>01435npda 2200229 i 4500</leader><controlfield tag="001">GB 3600 MAC/1/1</controlfield><controlfield tag="003">Archival Reference Code</controlfield><controlfield tag="008">230119i19651966enk           0000||eng|d</controlfield><datafield tag="024" ind1="7" ind2=" "><subfield code="a">GB 3600 MAC/1/1</subfield><subfield code="2">Archival Reference Code</subfield></datafield><datafield tag="040" ind1=" " ind2=" "><subfield code="a">UkSoSU</subfield><subfield code="b">eng</subfield><subfield code="c">UkSoSU</subfield></datafield><datafield tag="100" ind1="1" ind2=" "><subfield code="a">Mackie, Philip</subfield></datafield><datafield tag="245" ind1="1" ind2="0"><subfield code="a" ind2="4">The Liars</subfield></datafield><datafield tag="264" ind1=" " ind2="0"><subfield code="c">1965 - 1966</subfield></datafield><datafield tag="300" ind1=" " ind2=" "><subfield code="a">5 boxes</subfield></datafield><datafield tag="505" ind1="8" ind2=" "><subfield code="a">Detailed contents: Box 43: (6 items) - 5 scripts of the Liars with handwritten corrections and 1 notebook (Mackie's) -- Box 44: (9 items) - various camera scripts, issued between Sept. 1965 to Jan 1966. -- Box 45: (6 items) - rehearsal scripts for the Liars -- Box 46: (8 items) - various draft camera scripts for the Liars -- Box 47: (10 items) - camera scripts for the Liars</subfield></datafield><datafield tag="520" ind1="2" ind2=" "><subfield code="a">Papers relating to The Liars, a 1966 Granada TV series of 13 episodes, featuring stories from a range of authors, adapted by Philip Mackie and Hugh Leonard.</subfield></datafield><datafield tag="541" ind1=" " ind2=" "><subfield code="c">Gift;</subfield><subfield code="a">Philip Mackie's daughter, Barbara Mackie;</subfield><subfield code="d">2006</subfield></datafield><datafield tag="590" ind1=" " ind2=" "><subfield code="Q">&lt;a href="https://www.imdb.com/title/tt0166049/" target="_blank"&gt;IMDB page for The Liars&lt;/a&gt;</subfield><subfield code="2">UkSoSU Primo VE display field</subfield></datafield><datafield tag="590" ind1=" " ind2=" "><subfield code="W">Held in boxes 43-47.</subfield><subfield code="2">UkSoSU Primo VE display field</subfield></datafield><datafield tag="590" ind1=" " ind2=" "><subfield code="Q">&lt;a href="https://archiveshub.jisc.ac.uk/data/gb3600-mac/mac/1/1" target="_blank"&gt;Archives Hub record for this item&lt;/a&gt;</subfield><subfield code="2">UkSoSU Primo VE display field</subfield></datafield><datafield tag="700" ind1="1" ind2=" "><subfield code="a">Leonard, Hugh,</subfield><subfield code="d">1926-2009</subfield></datafield></record>