<record><leader>01435npda 2200229 i 4500</leader><controlfield tag="001">GB 3600 MAC/1/31</controlfield><controlfield tag="003">Archival Reference Code</controlfield><controlfield tag="008">230119i19761978enk           0000||eng|d</controlfield><datafield tag="024" ind1="7" ind2=" "><subfield code="a">GB 3600 MAC/1/31</subfield><subfield code="2">Archival Reference Code</subfield></datafield><datafield tag="040" ind1=" " ind2=" "><subfield code="a">UkSoSU</subfield><subfield code="b">eng</subfield><subfield code="c">UkSoSU</subfield></datafield><datafield tag="100" ind1="1" ind2=" "><subfield code="a">Mackie, Philip</subfield></datafield><datafield tag="245" ind1="1" ind2="0"><subfield code="a" ind2="4">The Limbo Connection</subfield></datafield><datafield tag="264" ind1=" " ind2="0"><subfield code="c">1976 - 1978</subfield></datafield><datafield tag="300" ind1=" " ind2=" "><subfield code="a">2 boxes plus scattered items</subfield></datafield><datafield tag="505" ind1="8" ind2=" "><subfield code="a">Detailed contents: Box 48 (10 items) - 7 rehearsal scripts and two letters (a letter from Robert Banks Stewart (Thames Television), a re-cap of discussions on the six episodes of The Limbo Connection; a reply from Mackie); 1 page of the cast list (episodes 1-6). -- Box 82 - Handwritten notes in notebook. -- Box 126 - Correspondence with Andrew Brown, Thames TV, about the possibility of Mackie adapting The Limbo Connection. -- Box 143 (6 items) - 6 copies of rehearsal scripts for The Limbo Connection </subfield></datafield><datafield tag="520" ind1="2" ind2=" "><subfield code="a">Papers relating to The Limbo Connection, a six-part dramatization of the novel of the same name by Derry Quinn, which was made for Thames Television and broadcast as part of the Armchair Theatre series in 1978.</subfield></datafield><datafield tag="541" ind1=" " ind2=" "><subfield code="c">Gift;</subfield><subfield code="a">Philip Mackie's daughter, Barbara Mackie;</subfield><subfield code="d">2006</subfield></datafield><datafield tag="590" ind1=" " ind2=" "><subfield code="Q">&lt;a href="https://www.imdb.com/title/tt0969784/" target="_blank"&gt;IMDB page for The Limbo Connection&lt;/a&gt;</subfield><subfield code="2">UkSoSU Primo VE display field</subfield></datafield><datafield tag="590" ind1=" " ind2=" "><subfield code="W">Held in boxes 48, 49, 82, 143</subfield><subfield code="2">UkSoSU Primo VE display field</subfield></datafield><datafield tag="590" ind1=" " ind2=" "><subfield code="Q">&lt;a href="https://archiveshub.jisc.ac.uk/data/gb3600-mac/mac/1/31" target="_blank"&gt;Archives Hub record for this item&lt;/a&gt;</subfield><subfield code="2">UkSoSU Primo VE display field</subfield></datafield></record>