<record><leader>01435npda 2200229 i 4500</leader><controlfield tag="001">GB 3600 MAC/1/35</controlfield><controlfield tag="003">Archival Reference Code</controlfield><controlfield tag="008">230119i19711975enk           0000||eng|d</controlfield><datafield tag="024" ind1="7" ind2=" "><subfield code="a">GB 3600 MAC/1/35</subfield><subfield code="2">Archival Reference Code</subfield></datafield><datafield tag="040" ind1=" " ind2=" "><subfield code="a">UkSoSU</subfield><subfield code="b">eng</subfield><subfield code="c">UkSoSU</subfield></datafield><datafield tag="100" ind1="1" ind2=" "><subfield code="a">Mackie, Philip</subfield></datafield><datafield tag="245" ind1="1" ind2="0"><subfield code="a" ind2="4">The Naked Civil Servant</subfield></datafield><datafield tag="264" ind1=" " ind2="0"><subfield code="c">1971 - 1975</subfield></datafield><datafield tag="300" ind1=" " ind2=" "><subfield code="a">Approximately 12 items</subfield></datafield><datafield tag="505" ind1="8" ind2=" "><subfield code="a">Detailed contents: Box 60: 1 copy of a draft screenplay (141 pages) -- Box 61: 4 copies of draft screenplays; an outline of Jack Gold's studio days, location and budget estimates (some handwritten). -- Box 126: Correspondence relating to The Naked Civil Servant, including a rejection from Mike Wooller at the BBC (1974). -- Box 146: Two copies of documents showing the provisional and final cast list and proposed rehearsal schedule for The Naked Civil Servant.</subfield></datafield><datafield tag="520" ind1="2" ind2=" "><subfield code="a">Papers relating to The Naked Civil Servant, a 1975 Thames TV dramatization, by Mackie, of The Autobiography of Quentin Crisp (1968).</subfield></datafield><datafield tag="541" ind1=" " ind2=" "><subfield code="c">Gift;</subfield><subfield code="a">Philip Mackie's daughter, Barbara Mackie;</subfield><subfield code="d">2006</subfield></datafield><datafield tag="590" ind1=" " ind2=" "><subfield code="Q">&lt;a href="https://www.imdb.com/title/tt0073438" target="_blank"&gt;IMDB page for The Naked Civil Servant&lt;/a&gt;</subfield><subfield code="2">UkSoSU Primo VE display field</subfield></datafield><datafield tag="590" ind1=" " ind2=" "><subfield code="W">Held in boxes 60 - 61; 126; 146</subfield><subfield code="2">UkSoSU Primo VE display field</subfield></datafield><datafield tag="590" ind1=" " ind2=" "><subfield code="Q">&lt;a href="https://archiveshub.jisc.ac.uk/data/gb3600-mac/mac/1/35" target="_blank"&gt;Archives Hub record for this item&lt;/a&gt;</subfield><subfield code="2">UkSoSU Primo VE display field</subfield></datafield></record>