<record><leader>01435npda 2200229 i 4500</leader><controlfield tag="001">GB 3600 MAC/1/44</controlfield><controlfield tag="003">Archival Reference Code</controlfield><controlfield tag="008">230119i19711974enk           0000||eng|d</controlfield><datafield tag="024" ind1="7" ind2=" "><subfield code="a">GB 3600 MAC/1/44</subfield><subfield code="2">Archival Reference Code</subfield></datafield><datafield tag="040" ind1=" " ind2=" "><subfield code="a">UkSoSU</subfield><subfield code="b">eng</subfield><subfield code="c">UkSoSU</subfield></datafield><datafield tag="100" ind1="1" ind2=" "><subfield code="a">Mackie, Philip</subfield></datafield><datafield tag="245" ind1="1" ind2="0"><subfield code="a" ind2="4">The Organization</subfield></datafield><datafield tag="264" ind1=" " ind2="0"><subfield code="c">1971 - 1974</subfield></datafield><datafield tag="300" ind1=" " ind2=" "><subfield code="a">5 boxes plus scattered items</subfield></datafield><datafield tag="505" ind1="8" ind2=" "><subfield code="a">Detailed contents: Box 83: 6 copies of camera scripts for episodes 4-6 -- Box 84: 6 copies of camera scripts for episodes 1-3 -- Box 85: Typescript of The Organization, a novelization of the TV series by Philip Mackie. -- Box 86: Revision notes (4 pages) for episodes 1 and 2 -- Box 88: 7 copies of rehearsal scripts for episodes 4-7; a letter (a handwritten draft and typewritten) to James Ormerod (dated 25 Jan 1972) about script corrections and amendments regarding episode 5. -- Box 89: 7 copies of earlier versions of scripts relating to the seven episodes of The Organization (1971) -- Box 126: A draft paperback cover and blurb for the fiction The Organisation that was sent to Mackie from the publisher Quartet Books Limited. The paperback was published by Quartet Books on July 22, 1974. Correspondence related to this novelization by Dulan Barber. -- Box 143: A notebook containing notes on The Organization.</subfield></datafield><datafield tag="520" ind1="2" ind2=" "><subfield code="a">Papers relating to The Organization - a 1972 Yorkshire Television series written by Mackie, and to its novelization, published in 1974.</subfield></datafield><datafield tag="541" ind1=" " ind2=" "><subfield code="c">Gift;</subfield><subfield code="a">Philip Mackie's daughter, Barbara Mackie;</subfield><subfield code="d">2006</subfield></datafield><datafield tag="590" ind1=" " ind2=" "><subfield code="Q">&lt;a href="https://www.imdb.com/title/tt0066695/" target="_blank"&gt;IMDB page for The Organization&lt;/a&gt;</subfield><subfield code="2">UkSoSU Primo VE display field</subfield></datafield><datafield tag="590" ind1=" " ind2=" "><subfield code="W">Held in boxes 83-86; 88-89; 126; 143</subfield><subfield code="2">UkSoSU Primo VE display field</subfield></datafield><datafield tag="590" ind1=" " ind2=" "><subfield code="Q">&lt;a href="https://archiveshub.jisc.ac.uk/data/gb3600-mac/mac/1/44" target="_blank"&gt;Archives Hub record for this item&lt;/a&gt;</subfield><subfield code="2">UkSoSU Primo VE display field</subfield></datafield></record>