<record><leader>01435npda 2200229 i 4500</leader><controlfield tag="001">GB 3600 MAC/1/81</controlfield><controlfield tag="003">Archival Reference Code</controlfield><controlfield tag="008">230119i19811982enk           0000||eng|d</controlfield><datafield tag="024" ind1="7" ind2=" "><subfield code="a">GB 3600 MAC/1/81</subfield><subfield code="2">Archival Reference Code</subfield></datafield><datafield tag="040" ind1=" " ind2=" "><subfield code="a">UkSoSU</subfield><subfield code="b">eng</subfield><subfield code="c">UkSoSU</subfield></datafield><datafield tag="100" ind1="1" ind2=" "><subfield code="a">Mackie, Philip</subfield></datafield><datafield tag="245" ind1="1" ind2="0"><subfield code="a" ind2="4">The Rich are Different</subfield></datafield><datafield tag="264" ind1=" " ind2="0"><subfield code="c">1981 - 1982</subfield></datafield><datafield tag="300" ind1=" " ind2=" "><subfield code="a">Approximately 7 items</subfield></datafield><datafield tag="505" ind1="8" ind2=" "><subfield code="a">Detailed contents: - Two copies of outline treatment for episodes 2-13 -- Two copies of scripts relating to episode 1 of The Rich are Different -- Correspondence with Verity Lambert (Thames TV) about the possibility of producing the series [Box 128].</subfield></datafield><datafield tag="520" ind1="2" ind2=" "><subfield code="a">Papers relating to The Rich are Different, Mackie's dramatization of Susan Howatch's novel of the same name. It appears the dramatization was never produced.</subfield></datafield><datafield tag="541" ind1=" " ind2=" "><subfield code="c">Gift;</subfield><subfield code="a">Philip Mackie's daughter, Barbara Mackie;</subfield><subfield code="d">2006</subfield></datafield><datafield tag="590" ind1=" " ind2=" "><subfield code="W">Held in boxes 128 and 144</subfield><subfield code="2">UkSoSU Primo VE display field</subfield></datafield><datafield tag="590" ind1=" " ind2=" "><subfield code="Q">&lt;a href="https://archiveshub.jisc.ac.uk/data/gb3600-mac/mac/1/81" target="_blank"&gt;Archives Hub record for this item&lt;/a&gt;</subfield><subfield code="2">UkSoSU Primo VE display field</subfield></datafield></record>