<record><leader>01435npda 2200229 i 4500</leader><controlfield tag="001">GB 3600 MAC/1/52</controlfield><controlfield tag="003">Archival Reference Code</controlfield><controlfield tag="008">230119i19831985enk           0000||eng|d</controlfield><datafield tag="024" ind1="7" ind2=" "><subfield code="a">GB 3600 MAC/1/52</subfield><subfield code="2">Archival Reference Code</subfield></datafield><datafield tag="040" ind1=" " ind2=" "><subfield code="a">UkSoSU</subfield><subfield code="b">eng</subfield><subfield code="c">UkSoSU</subfield></datafield><datafield tag="100" ind1="1" ind2=" "><subfield code="a">Mackie, Philip</subfield></datafield><datafield tag="245" ind1="1" ind2="0"><subfield code="a" ind2="4">The She-Wolves</subfield></datafield><datafield tag="264" ind1=" " ind2="0"><subfield code="c">1983 - 1985</subfield></datafield><datafield tag="300" ind1=" " ind2=" "><subfield code="a">2 boxes plus scattered items</subfield></datafield><datafield tag="505" ind1="8" ind2=" "><subfield code="a">Contents include: Two complete copies of scripts for The She-Wolves (1984). -- Correspondence with Ian Warren (1983-1985) regarding working title and script changes for The She-Wolves and the eventual production of Letters to an Unknown Lover. -- An outline and synopses for The She-Wolves. -- A clipping from The Times Monday Sept 9, 1983.</subfield></datafield><datafield tag="520" ind1="2" ind2=" "><subfield code="a">Papers relating to The She-Wolves, a dramatization, by Mackie, of the 1955 novel Les Louves by Boileau-Narcejac. It was never produced, though a version was made with a different writer under the title Letters to an Unknown Lover.</subfield></datafield><datafield tag="541" ind1=" " ind2=" "><subfield code="c">Gift;</subfield><subfield code="a">Philip Mackie's daughter, Barbara Mackie;</subfield><subfield code="d">2006</subfield></datafield><datafield tag="590" ind1=" " ind2=" "><subfield code="W">Held in box 113, 129, 130 and new box 4 at the end of Mackie's collection</subfield><subfield code="2">UkSoSU Primo VE display field</subfield></datafield><datafield tag="590" ind1=" " ind2=" "><subfield code="Q">&lt;a href="https://archiveshub.jisc.ac.uk/data/gb3600-mac/mac/1/52" target="_blank"&gt;Archives Hub record for this item&lt;/a&gt;</subfield><subfield code="2">UkSoSU Primo VE display field</subfield></datafield></record>