<record><leader>01435npda 2200229 i 4500</leader><controlfield tag="001">GB 3600 MAC/1/58</controlfield><controlfield tag="003">Archival Reference Code</controlfield><controlfield tag="008">230119i19541955enk           0000||eng|d</controlfield><datafield tag="024" ind1="7" ind2=" "><subfield code="a">GB 3600 MAC/1/58</subfield><subfield code="2">Archival Reference Code</subfield></datafield><datafield tag="040" ind1=" " ind2=" "><subfield code="a">UkSoSU</subfield><subfield code="b">eng</subfield><subfield code="c">UkSoSU</subfield></datafield><datafield tag="100" ind1="1" ind2=" "><subfield code="a">Mackie, Philip</subfield></datafield><datafield tag="245" ind1="1" ind2="0"><subfield code="a" ind2="4">The Whiteoak Chronicles</subfield></datafield><datafield tag="264" ind1=" " ind2="0"><subfield code="c">1954 - 1955</subfield></datafield><datafield tag="300" ind1=" " ind2=" "><subfield code="a">11 items</subfield></datafield><datafield tag="505" ind1="8" ind2=" "><subfield code="a">Episode list, in order of broadcast: - The Whiteoak Chronicles: Young Renny -- The Whiteoak Chronicles: Whiteoak Heritage -- The Whiteoak Chronicles: Jalna -- The Whiteoak Chronicles: Whiteoaks, possibly based on the novel which is also known as Whiteoaks of Jalna. -- Detailed contents: Box 121: Four copies of rehearsal scripts for Young Renny (1954) and Jalna (1955). -- Box 122: Two copies of rehearsal scripts and a draft script for Whiteoak Heritage (1955). -- Box 123: Three copies of rehearsal scripts for Whiteoaks (1955). -- Unnumbered box (Mackie Spare Box #1): A copy of a rehearsal script and a draft script for Jalna </subfield></datafield><datafield tag="520" ind1="2" ind2=" "><subfield code="a">Scripts for The Whiteoak Chronicles, four teleplays by Mackie, based on the Whiteoak novel series by Mazo de la Roche (also known as the Jalna series). The teleplays were broadcast by the BBC in 1954-1955, the first three as part of the Sunday-Night Theatre anthology series.</subfield></datafield><datafield tag="541" ind1=" " ind2=" "><subfield code="c">Gift;</subfield><subfield code="a">Philip Mackie's daughter, Barbara Mackie;</subfield><subfield code="d">2006</subfield></datafield><datafield tag="590" ind1=" " ind2=" "><subfield code="Q">&lt;a href="https://www.imdb.com/title/tt1298098/" target="_blank"&gt;IMDB page for The Whiteoak Chronicles: Young Renny&lt;/a&gt;</subfield><subfield code="2">UkSoSU Primo VE display field</subfield></datafield><datafield tag="590" ind1=" " ind2=" "><subfield code="Q">&lt;a href="https://www.imdb.com/title/tt1301367/" target="_blank"&gt;IMDB page for The Whiteoak Chronicles: Whiteoak Heritage&lt;/a&gt;</subfield><subfield code="2">UkSoSU Primo VE display field</subfield></datafield><datafield tag="590" ind1=" " ind2=" "><subfield code="Q">&lt;a href="https://www.imdb.com/title/tt1301368/" target="_blank"&gt;IMDB page for The Whiteoak Chronicles: Jalna&lt;/a&gt;</subfield><subfield code="2">UkSoSU Primo VE display field</subfield></datafield><datafield tag="590" ind1=" " ind2=" "><subfield code="Q">&lt;a href="https://www.imdb.com/title/tt4427468/" target="_blank"&gt;IMDB page for The Whiteoak Chronicles: Whiteoaks&lt;/a&gt;</subfield><subfield code="2">UkSoSU Primo VE display field</subfield></datafield><datafield tag="590" ind1=" " ind2=" "><subfield code="W">Held in boxes 121-123; Unnumbered box (Mackie Spare Box #1)</subfield><subfield code="2">UkSoSU Primo VE display field</subfield></datafield><datafield tag="590" ind1=" " ind2=" "><subfield code="Q">&lt;a href="https://archiveshub.jisc.ac.uk/data/gb3600-mac/mac/1/58" target="_blank"&gt;Archives Hub record for this item&lt;/a&gt;</subfield><subfield code="2">UkSoSU Primo VE display field</subfield></datafield></record>