<record><leader>01435npda 2200229 i 4500</leader><controlfield tag="001">GB 3600 MAC/1/11</controlfield><controlfield tag="003">Archival Reference Code</controlfield><controlfield tag="008">230119i19551956enk           0000||eng|d</controlfield><datafield tag="024" ind1="7" ind2=" "><subfield code="a">GB 3600 MAC/1/11</subfield><subfield code="2">Archival Reference Code</subfield></datafield><datafield tag="040" ind1=" " ind2=" "><subfield code="a">UkSoSU</subfield><subfield code="b">eng</subfield><subfield code="c">UkSoSU</subfield></datafield><datafield tag="100" ind1="1" ind2=" "><subfield code="a">Mackie, Philip</subfield></datafield><datafield tag="245" ind1="1" ind2="0"><subfield code="a" ind2="4">The Whole Truth</subfield></datafield><datafield tag="264" ind1=" " ind2="0"><subfield code="c">1955 - 1956</subfield></datafield><datafield tag="300" ind1=" " ind2=" "><subfield code="a">4 boxes</subfield></datafield><datafield tag="505" ind1="8" ind2=" "><subfield code="a">Detailed contents: Box 124: Draft scripts for the 1955 teleplay The Whole Truth, including handwritten notes, corrections, and a message for Stephen Harrison, the director. These scripts are titled Death of a Guest, and Mackie also noted on the cover an alternative title, Against the Evidence. -- Boxes 6 and 125: Four bound copies of scripts for The Whole Truth, all dated January 1956 and apparently the revised (theatre) version. -- Box 136: Revision notes and cast list for The Whole Truth. A letter to Stephen Harrison, signed simply 'Bob', that appears to answer questions about the accuracy of police procedure depicted in the TV drama.</subfield></datafield><datafield tag="520" ind1="2" ind2=" "><subfield code="a">Papers relating to The Whole Truth, a drama by Philip Mackie. It was originally produced as a teleplay for BBC TV (1955), and reworked for stage by 1956, with an edition published. The play was later made into a film directed by John Guillermin (1958), and it appears that another version, called Death of a Guest, was broadcast by the BBC in 1960.</subfield></datafield><datafield tag="541" ind1=" " ind2=" "><subfield code="c">Gift;</subfield><subfield code="a">Philip Mackie's daughter, Barbara Mackie;</subfield><subfield code="d">2006</subfield></datafield><datafield tag="590" ind1=" " ind2=" "><subfield code="Q">&lt;a href="https://www.imdb.com/title/tt1272569/" target="_blank"&gt;IMDB page for the 1955 BBC TV play The Whole Truth&lt;/a&gt;</subfield><subfield code="2">UkSoSU Primo VE display field</subfield></datafield><datafield tag="590" ind1=" " ind2=" "><subfield code="Q">&lt;a href="https://www.imdb.com/title/tt0052391/" target="_blank"&gt;IMDB page for the 1958 Columbia Pictures film The Whole Truth&lt;/a&gt; [Related work].</subfield><subfield code="2">UkSoSU Primo VE display field</subfield></datafield><datafield tag="590" ind1=" " ind2=" "><subfield code="Q">&lt;a href="https://www.imdb.com/title/tt1387574/" target="_blank"&gt;IMDB page for the 1960 BBC TV play Death of a Guest&lt;/a&gt; [Related work].</subfield><subfield code="2">UkSoSU Primo VE display field</subfield></datafield><datafield tag="590" ind1=" " ind2=" "><subfield code="W">Held in boxes 6, 124, 125 &amp; 136</subfield><subfield code="2">UkSoSU Primo VE display field</subfield></datafield><datafield tag="590" ind1=" " ind2=" "><subfield code="Q">&lt;a href="https://archiveshub.jisc.ac.uk/data/gb3600-mac/mac/1/11" target="_blank"&gt;Archives Hub record for this item&lt;/a&gt;</subfield><subfield code="2">UkSoSU Primo VE display field</subfield></datafield></record>