<record><leader>01435npda 2200229 i 4500</leader><controlfield tag="001">GB 3600 MAC/1/54</controlfield><controlfield tag="003">Archival Reference Code</controlfield><controlfield tag="008">230119i19781980enk           0000||eng|d</controlfield><datafield tag="024" ind1="7" ind2=" "><subfield code="a">GB 3600 MAC/1/54</subfield><subfield code="2">Archival Reference Code</subfield></datafield><datafield tag="040" ind1=" " ind2=" "><subfield code="a">UkSoSU</subfield><subfield code="b">eng</subfield><subfield code="c">UkSoSU</subfield></datafield><datafield tag="100" ind1="1" ind2=" "><subfield code="a">Mackie, Philip</subfield></datafield><datafield tag="245" ind1="1" ind2="0"><subfield code="a">Thrse Raquin</subfield></datafield><datafield tag="264" ind1=" " ind2="0"><subfield code="c">1978 - 1980</subfield></datafield><datafield tag="300" ind1=" " ind2=" "><subfield code="a">2 boxes plus scattered items</subfield></datafield><datafield tag="505" ind1="8" ind2=" "><subfield code="a">Detailed contents: Box 116: Six copies of revised and rehearsal scripts for parts 1-3 -- Box 117: Three copies of draft rehearsal scripts for parts 1-3; various letters between Mackie and Betty Willingale (BBC TV), and a map of BBC TV rehearsal rooms -- Box 104: A promotional document produced by the BBC and presumably distributed to the press. -- Box 127: Correspondence between Mackie and Jonathan Powell and Betty Willingale (BBC TV) discussing scripts and casting.</subfield></datafield><datafield tag="520" ind1="2" ind2=" "><subfield code="a">Papers relating to Thrse Raquin, a three-part dramatisation of the novel of the same name by Emile Zola, which was made for The BBC and broadcast in 1980.</subfield></datafield><datafield tag="541" ind1=" " ind2=" "><subfield code="c">Gift;</subfield><subfield code="a">Philip Mackie's daughter, Barbara Mackie;</subfield><subfield code="d">2006</subfield></datafield><datafield tag="590" ind1=" " ind2=" "><subfield code="Q">&lt;a href="https://www.imdb.com/title/tt0080292/" target="_blank"&gt;IMDB page for Thrse Raquin&lt;/a&gt;</subfield><subfield code="2">UkSoSU Primo VE display field</subfield></datafield><datafield tag="590" ind1=" " ind2=" "><subfield code="W">Held in boxes 104, 116 &amp; 117, 127</subfield><subfield code="2">UkSoSU Primo VE display field</subfield></datafield><datafield tag="590" ind1=" " ind2=" "><subfield code="Q">&lt;a href="https://archiveshub.jisc.ac.uk/data/gb3600-mac/mac/1/54" target="_blank"&gt;Archives Hub record for this item&lt;/a&gt;</subfield><subfield code="2">UkSoSU Primo VE display field</subfield></datafield></record>