<record><leader>01435npda 2200229 i 4500</leader><controlfield tag="001">GB 3600 MAC/1/8</controlfield><controlfield tag="003">Archival Reference Code</controlfield><controlfield tag="008">230119i19791980enk           0000||eng|d</controlfield><datafield tag="024" ind1="7" ind2=" "><subfield code="a">GB 3600 MAC/1/8</subfield><subfield code="2">Archival Reference Code</subfield></datafield><datafield tag="040" ind1=" " ind2=" "><subfield code="a">UkSoSU</subfield><subfield code="b">eng</subfield><subfield code="c">UkSoSU</subfield></datafield><datafield tag="100" ind1="1" ind2=" "><subfield code="a">Mackie, Philip</subfield></datafield><datafield tag="245" ind1="1" ind2="0"><subfield code="a">They Called Me Al: The Life of Al Bowlly</subfield></datafield><datafield tag="264" ind1=" " ind2="0"><subfield code="c">1979 - 1980</subfield></datafield><datafield tag="300" ind1=" " ind2=" "><subfield code="a">2 boxes</subfield></datafield><datafield tag="505" ind1="8" ind2=" "><subfield code="a">Detailed contents: Draft scripts by Mackie for They Called Me Al: The Life of Al Bowlly. -- A treatment for a dramatisation of Al Bowlly's life by Sid Colin, dated March 1979. There is also a letter from Colin explaining that this was written as part of drafting his biography of Bowlly. -- Various press cuttings and interviews relating to Bowlly. -- Various letters and postcard exchanges related to this work, including memoirs of Bowlly by those who knew him, clearly solicited by Mackie for the purposes of preparing the screenplay. There is also correspondence with Euston Films Ltd., who appear to have been interested in producing the dramatization.</subfield></datafield><datafield tag="520" ind1="2" ind2=" "><subfield code="a">Papers relating to They Called Me Al: The Life of Al Bowlly, a dramatization of the life of the musician Al Bowlly that appears never to have been produced.</subfield></datafield><datafield tag="541" ind1=" " ind2=" "><subfield code="c">Gift;</subfield><subfield code="a">Philip Mackie's daughter, Barbara Mackie;</subfield><subfield code="d">2006</subfield></datafield><datafield tag="590" ind1=" " ind2=" "><subfield code="W">Held in boxes 3 and 128</subfield><subfield code="2">UkSoSU Primo VE display field</subfield></datafield><datafield tag="590" ind1=" " ind2=" "><subfield code="Q">&lt;a href="https://archiveshub.jisc.ac.uk/data/gb3600-mac/mac/1/8" target="_blank"&gt;Archives Hub record for this item&lt;/a&gt;</subfield><subfield code="2">UkSoSU Primo VE display field</subfield></datafield><datafield tag="600" ind1="1" ind2=" ">
    <subfield code="a">Bowlly, Al</subfield>
  </datafield>
  <datafield tag="700" ind1="1" ind2=" ">
    <subfield code="a">Colin, Sid</subfield>
  </datafield>
  </record>