<record><leader>01435npda 2200229 i 4500</leader><controlfield tag="001">GB 3600 MAC/1/55</controlfield><controlfield tag="003">Archival Reference Code</controlfield><controlfield tag="008">230119s1970    enk           0000||eng|d</controlfield><datafield tag="024" ind1="7" ind2=" "><subfield code="a">GB 3600 MAC/1/55</subfield><subfield code="2">Archival Reference Code</subfield></datafield><datafield tag="040" ind1=" " ind2=" "><subfield code="a">UkSoSU</subfield><subfield code="b">eng</subfield><subfield code="c">UkSoSU</subfield></datafield><datafield tag="100" ind1="1" ind2=" "><subfield code="a">Mackie, Philip</subfield></datafield><datafield tag="245" ind1="1" ind2="0"><subfield code="a">Thirteen Against the Bank</subfield></datafield><datafield tag="264" ind1=" " ind2="0"><subfield code="c">Approximately 1970</subfield></datafield><datafield tag="300" ind1=" " ind2=" "><subfield code="a">1 box plus scattered items</subfield></datafield><datafield tag="505" ind1="8" ind2=" "><subfield code="a">Detailed contents: Various copies of scripts for episodes 1-6. -- Correspondence with David Reid (ATV) [1979-1980] about the possibility of producing the series.</subfield></datafield><datafield tag="520" ind1="2" ind2=" "><subfield code="a">Papers relating Thirteen Against the Bank, a dramatization by Mackie of Norman Leigh's novel. It seems the dramatization was never produced.</subfield></datafield><datafield tag="541" ind1=" " ind2=" "><subfield code="c">Gift;</subfield><subfield code="a">Philip Mackie's daughter, Barbara Mackie;</subfield><subfield code="d">2006</subfield></datafield><datafield tag="590" ind1=" " ind2=" "><subfield code="W">Held in boxes 118 and 127-128.</subfield><subfield code="2">UkSoSU Primo VE display field</subfield></datafield><datafield tag="590" ind1=" " ind2=" "><subfield code="Q">&lt;a href="https://archiveshub.jisc.ac.uk/data/gb3600-mac/mac/1/55" target="_blank"&gt;Archives Hub record for this item&lt;/a&gt;</subfield><subfield code="2">UkSoSU Primo VE display field</subfield></datafield></record>