<record><leader>01435npda 2200229 i 4500</leader><controlfield tag="001">GB 3600 MAC/1/22</controlfield><controlfield tag="003">Archival Reference Code</controlfield><controlfield tag="008">230119s1985    enk           0000||eng|d</controlfield><datafield tag="024" ind1="7" ind2=" "><subfield code="a">GB 3600 MAC/1/22</subfield><subfield code="2">Archival Reference Code</subfield></datafield><datafield tag="040" ind1=" " ind2=" "><subfield code="a">UkSoSU</subfield><subfield code="b">eng</subfield><subfield code="c">UkSoSU</subfield></datafield><datafield tag="100" ind1="1" ind2=" "><subfield code="a">Mackie, Philip</subfield></datafield><datafield tag="245" ind1="1" ind2="0"><subfield code="a">Victorian Villainies. In the Fog</subfield></datafield><datafield tag="264" ind1=" " ind2="0"><subfield code="c">1985</subfield></datafield><datafield tag="300" ind1=" " ind2=" "><subfield code="a">Approximately 6 items</subfield></datafield><datafield tag="505" ind1="8" ind2=" "><subfield code="a">Detailed contents: Two copies of a draft script. -- Correspondence between Mackie and George Markstein, Thames TV, in which they disagree at length over the form the screenplay should take before deciding to abandon the project.</subfield></datafield><datafield tag="520" ind1="2" ind2=" "><subfield code="a">Papers relating to In the Fog, a draft screenplay by Mackie of In the Fog, adapted from the story of the same name by Richard Harding Davis. Victorian Villainies (note that the title page has a misprint: "Victorian Villanies") seems to be a series title, and it may well have been intended to be an anthology series of Victorian crime stories. It appears that neither series nor episode were ever produced. The series was probably inspired by the publication of The Penguin Book of Victorian Villainies in 1984, which included In the Fog.</subfield></datafield><datafield tag="541" ind1=" " ind2=" "><subfield code="c">Gift;</subfield><subfield code="a">Philip Mackie's daughter, Barbara Mackie;</subfield><subfield code="d">2006</subfield></datafield><datafield tag="590" ind1=" " ind2=" "><subfield code="W">Held in boxes 25, 110, and 130.</subfield><subfield code="2">UkSoSU Primo VE display field</subfield></datafield><datafield tag="590" ind1=" " ind2=" "><subfield code="Q">&lt;a href="https://archiveshub.jisc.ac.uk/data/gb3600-mac/mac/1/22" target="_blank"&gt;Archives Hub record for this item&lt;/a&gt;</subfield><subfield code="2">UkSoSU Primo VE display field</subfield></datafield><datafield tag="700" ind1="1" ind2=" ">
    <subfield code="a">Markstein, George</subfield>
  </datafield>
  </record>