<record><leader>01435npda 2200229 i 4500</leader><controlfield tag="001">GB 3600 MAC/2/5</controlfield><controlfield tag="003">Archival Reference Code</controlfield><controlfield tag="008">230119i19541985enk           0000||eng|d</controlfield><datafield tag="024" ind1="7" ind2=" "><subfield code="a">GB 3600 MAC/2/5</subfield><subfield code="2">Archival Reference Code</subfield></datafield><datafield tag="040" ind1=" " ind2=" "><subfield code="a">UkSoSU</subfield><subfield code="b">eng</subfield><subfield code="c">UkSoSU</subfield></datafield><datafield tag="100" ind1="1" ind2=" "><subfield code="a">Mackie, Philip</subfield></datafield><datafield tag="245" ind1="1" ind2="0"><subfield code="a">Correspondence</subfield></datafield><datafield tag="264" ind1=" " ind2="0"><subfield code="c">Approximately 1954 - 1985</subfield></datafield><datafield tag="300" ind1=" " ind2=" "><subfield code="a">Approximately 200 items</subfield></datafield><datafield tag="505" ind1="8" ind2=" "><subfield code="a">Includes correspondence with Quentin Crisp, twelve letters between 1975 and 1980, some with Mackie's response. -- Other notable correspondents include: Lois Garner (Mrs James Garner); Sam Rosenberg; Andre Morell; Lord Sidney Bernstein; Arnold Goldman.</subfield></datafield><datafield tag="520" ind1="2" ind2=" "><subfield code="a">Various personal letters and correspondences of Philip Mackie. As well as correspondence with friends and family, it includes letters from the public and colleagues praising, occasionally criticising, his work, sometimes with Mackie's response. There are particularly large collections of these letters for The Caesars, East Lynne, and The Naked Civil Servant.</subfield></datafield><datafield tag="541" ind1=" " ind2=" "><subfield code="c">Gift;</subfield><subfield code="a">Philip Mackie's daughter, Barbara Mackie;</subfield><subfield code="d">2006</subfield></datafield><datafield tag="590" ind1=" " ind2=" "><subfield code="W">Held in boxes 103-104 and 126-130</subfield><subfield code="2">UkSoSU Primo VE display field</subfield></datafield><datafield tag="590" ind1=" " ind2=" "><subfield code="Q">&lt;a href="https://archiveshub.jisc.ac.uk/data/gb3600-mac/mac/2/5" target="_blank"&gt;Archives Hub record for this item&lt;/a&gt;</subfield><subfield code="2">UkSoSU Primo VE display field</subfield></datafield><datafield tag="700" ind1="1" ind2=" ">
    <subfield code="a">Crisp, Quentin,</subfield>
    <subfield code="d">1908-1999</subfield>
  </datafield>
  </record>