<record><leader>01435npda 2200229 i 4500</leader><controlfield tag="001">GB 3600 MAC/2/1</controlfield><controlfield tag="003">Archival Reference Code</controlfield><controlfield tag="008">230119i19471985enk           0000||eng|d</controlfield><datafield tag="024" ind1="7" ind2=" "><subfield code="a">GB 3600 MAC/2/1</subfield><subfield code="2">Archival Reference Code</subfield></datafield><datafield tag="040" ind1=" " ind2=" "><subfield code="a">UkSoSU</subfield><subfield code="b">eng</subfield><subfield code="c">UkSoSU</subfield></datafield><datafield tag="100" ind1="1" ind2=" "><subfield code="a">Mackie, Philip</subfield></datafield><datafield tag="245" ind1="1" ind2="0"><subfield code="a">Diaries, Address Book, and Passport</subfield></datafield><datafield tag="264" ind1=" " ind2="0"><subfield code="c">1947 - 1985</subfield></datafield><datafield tag="300" ind1=" " ind2=" "><subfield code="a">2 boxes plus 1 item</subfield></datafield><datafield tag="505" ind1="8" ind2=" "><subfield code="a" /></datafield><datafield tag="520" ind1="2" ind2=" "><subfield code="a">Diaries for selected years between 1963 and 1985, an address book, and a passport used between 1947 and 1952. The diaries mainly record appointments and are sparsely filled. There is also a notebook containing (in addition to writing notes) a detailed record of Mackie's a one week stay at Grayshott Hall, a health spa in Surrey.</subfield></datafield><datafield tag="541" ind1=" " ind2=" "><subfield code="c">Gift;</subfield><subfield code="a">Philip Mackie's daughter, Barbara Mackie;</subfield><subfield code="d">2006</subfield></datafield><datafield tag="590" ind1=" " ind2=" "><subfield code="W">The diaries, address book, and passport are in two unnumbered boxes labelled "Diaries" at the end of the collection.</subfield><subfield code="2">UkSoSU Primo VE display field</subfield></datafield><datafield tag="590" ind1=" " ind2=" "><subfield code="Q">&lt;a href="https://archiveshub.jisc.ac.uk/data/gb3600-mac/mac/2/1" target="_blank"&gt;Archives Hub record for this item&lt;/a&gt;</subfield><subfield code="2">UkSoSU Primo VE display field</subfield></datafield></record>