<record><leader>01435npda 2200229 i 4500</leader><controlfield tag="001">GB 3600 MAC/2/2</controlfield><controlfield tag="003">Archival Reference Code</controlfield><controlfield tag="008">230119i19571990enk           0000||eng|d</controlfield><datafield tag="024" ind1="7" ind2=" "><subfield code="a">GB 3600 MAC/2/2</subfield><subfield code="2">Archival Reference Code</subfield></datafield><datafield tag="040" ind1=" " ind2=" "><subfield code="a">UkSoSU</subfield><subfield code="b">eng</subfield><subfield code="c">UkSoSU</subfield></datafield><datafield tag="100" ind1="1" ind2=" "><subfield code="a">Mackie, Philip</subfield></datafield><datafield tag="245" ind1="1" ind2="0"><subfield code="a">Finances and Property</subfield></datafield><datafield tag="264" ind1=" " ind2="0"><subfield code="c">1957 - 1990</subfield></datafield><datafield tag="300" ind1=" " ind2=" "><subfield code="a">8 boxes plus scattered items</subfield></datafield><datafield tag="505" ind1="8" ind2=" "><subfield code="a" /></datafield><datafield tag="520" ind1="2" ind2=" "><subfield code="a">Certificates, statements, correspondence, and other documents relating to Mackie's finances: insurance, pensions, income, and bank accounts. In addition there is corresponence relating to the legal and financial side of the lease on Philip Mackie's London flat and the ownership of Siddington Old Rectory and its associated land, including correspondence with the Bathurst Estate about the boundaries of the respective properties.</subfield></datafield><datafield tag="541" ind1=" " ind2=" "><subfield code="c">Gift;</subfield><subfield code="a">Philip Mackie's daughter, Barbara Mackie;</subfield><subfield code="d">2006</subfield></datafield><datafield tag="590" ind1=" " ind2=" "><subfield code="W">Held in boxes 2; 126-130; 131b; three unnumbered boxes labelled "Insurance, Pensions", "Finances 77-79" and "Finances 79-82".</subfield><subfield code="2">UkSoSU Primo VE display field</subfield></datafield><datafield tag="590" ind1=" " ind2=" "><subfield code="Q">&lt;a href="https://archiveshub.jisc.ac.uk/data/gb3600-mac/mac/2/2" target="_blank"&gt;Archives Hub record for this item&lt;/a&gt;</subfield><subfield code="2">UkSoSU Primo VE display field</subfield></datafield></record>