<record><leader>01435npda 2200229 i 4500</leader><controlfield tag="001">GB 3600 MAC/2/4</controlfield><controlfield tag="003">Archival Reference Code</controlfield><controlfield tag="008">230119i19811986enk           0000||eng|d</controlfield><datafield tag="024" ind1="7" ind2=" "><subfield code="a">GB 3600 MAC/2/4</subfield><subfield code="2">Archival Reference Code</subfield></datafield><datafield tag="040" ind1=" " ind2=" "><subfield code="a">UkSoSU</subfield><subfield code="b">eng</subfield><subfield code="c">UkSoSU</subfield></datafield><datafield tag="100" ind1="1" ind2=" "><subfield code="a">Mackie, Philip</subfield></datafield><datafield tag="245" ind1="1" ind2="0"><subfield code="a">Newspaper Clippings and Pamphlets</subfield></datafield><datafield tag="264" ind1=" " ind2="0"><subfield code="c">1981 - 1986</subfield></datafield><datafield tag="300" ind1=" " ind2=" "><subfield code="a">2 boxes plus scattered item</subfield></datafield><datafield tag="505" ind1="8" ind2=" "><subfield code="a" /></datafield><datafield tag="520" ind1="2" ind2=" "><subfield code="a">Various press clippings relating to Philip Mackie's life and works, principally clippings of reviews concerning several of Mackie's works. There are two formal obituaries of Mackie and two posthumous articles about him, all pasted onto one sheet. There are also pamphlets and promotional materials relating to Mackie's works.</subfield></datafield><datafield tag="541" ind1=" " ind2=" "><subfield code="c">Gift;</subfield><subfield code="a">Philip Mackie's daughter, Barbara Mackie;</subfield><subfield code="d">2006</subfield></datafield><datafield tag="590" ind1=" " ind2=" "><subfield code="W">Held in boxes 86, 103, 104.</subfield><subfield code="2">UkSoSU Primo VE display field</subfield></datafield><datafield tag="590" ind1=" " ind2=" "><subfield code="Q">&lt;a href="https://archiveshub.jisc.ac.uk/data/gb3600-mac/mac/2/4" target="_blank"&gt;Archives Hub record for this item&lt;/a&gt;</subfield><subfield code="2">UkSoSU Primo VE display field</subfield></datafield></record></collection>